2634 3909
625 702 890 802 nun.
955 698 1320 800 nAAsn
1390 695 2007 796 mmm.
2071 633 2082 643 ’

410 1054 475 1138 ln
509 1090 689 1144 Velleii
714 1091 968 1144 Paterculi
1001 1090 1147 1142 libris
1182 1089 1510 1142 emendandis
1544 1103 1661 1142 cum
1696 1088 1843 1142 multi
1877 1096 2028 1152 atque
2059 1089 2162 1153 ipsi
2195 1091 2349 1140 etiam

281 1159 403 1207 artis
441 1160 645 1210 criticae
679 1161 939 1227 principes
973 1160 1090 1226 plus
1119 1166 1379 1225 praestare
1414 1173 1517 1212 non
1552 1158 1836 1223 potuerint,
1886 1172 2039 1221 quam
2070 1166 2128 1207 ut
2160 1159 2349 1224 singuli

278 1228 457 1291 paucis
493 1228 685 1293 aliquot
728 1230 854 1284 loeis
887 1230 1135 1294 corruptis
1171 1237 1358 1279 certam
1391 1228 1695 1282 medicinam
1733 1227 1994 1288 afferrent,
2041 1227 2199 1276 multo
2235 1228 2349 1293 plu-

279 1295 420 1345 ribus
456 1312 550 1362 per
583 1300 901 1352 coniecturas
945 1299 1171 1350 infelices
1205 1297 1441 1350 fallacem
1476 1297 1648 1362 potius
1684 1296 1941 1359 quandam
1972 1297 2200 1346 sanitatis
2229 1311 2349 1361 spe-

281 1366 412 1416 ciem
449 1367 744 1418 inducerent
793 1380 949 1432 quam
980 1368 1211 1422 morbum
1257 1369 1428 1431 ipsum
1475 1365 1742 1430 tollerent,
1795 1364 1921 1415 mihi
1974 1366 2204 1416 dubitare
2248 1381 2350 1415 non

272 1433 414 1495 licet,
450 1437 574 1500 quin
609 1436 874 1496 aliismea
910 1439 1114 1492 inventa
1141 1435 1280 1487 hand
1313 1436 1480 1486 rarius
1515 1434 1833 1500 displicitura
1864 1436 1996 1494 sint,
2034 1449 2187 1497 quam
2221 1434 2349 1485 alio-

277 1519 389 1554 rum
422 1503 584 1556 multa
615 1505 742 1555 mihi
775 1504 1166 1571 displicuerunt;
1219 1509 1394 1567 itaque
1441 1505 1565 1553 satis
1615 1504 1814 1554 habebo
1833 1537 1849 1563 ,
1892 1505 1940 1571 si
1989 1503 2182 1566 aliquot
2222 1504 2349 1554 loeis

277 1582 413 1624 recte
460 1575 822 1637 prospexisse,
877 1574 1180 1623 coniecturis
1217 1582 1387 1623 autem
1417 1588 1519 1630 nou
1554 1574 1860 1623 necessariis
1896 1580 1983 1622 aut
2014 1587 2194 1637 parum
2230 1587 2350 1622 con-

277 1642 514 1691 sideratis
538 1656 639 1691 non
662 1642 816 1692 nimis
834 1642 1115 1692 indulsisse
1140 1642 1367 1694 videbor.
1419 1640 1549 1691 Illud
1577 1642 1709 1691 enim
1733 1641 1815 1691 vel
1851 1643 2072 1694 maxime
2097 1639 2350 1706 agEhdum

281 1718 359 1759 est
393 1710 445 1759 in
478 1710 623 1761 libris
661 1725 816 1776 supra
849 1710 1111 1776 vulgarem
1145 1710 1353 1762 modum
1389 1709 1703 1773 depravatis,
1748 1724 1816 1760 ne
1847 1711 1929 1760 vel
1960 1711 2200 1759 vitiorum
2235 1725 2350 1776 gra-

278 1780 433 1830 vitate
456 1779 549 1830 .vel
585 1779 778 1830 infinita
815 1779 1220 1838 emendationum
1272 1777 1595 1834 multitudine
1637 1779 1801 1844 abripi
1843 1792 1937 1832 nos
1980 1779 2235 1844 patiamur
2284 1780 2351 1829 ad

275 1848 602 1900 immodicam
674 1849 960 1914 corrigendi
1014 1849 1284 1898 licentiam.
1377 1847 1544 1910 Atque
1612 1863 1709 1913 ego
1777 1847 1982 1911 quidem
2048 1862 2350 1909 quamquam

276 1933 452 1968 eorum
480 1919 767 1979 commode,
801 1919 889 1981 qui
912 1917 1047 1968 hunc
1080 1918 1377 1982 scriptorem
1401 1918 1521 1968 sine
1537 1918 1913 1968 commentariis
1931 1916 2101 1982 legere
2123 1918 2349 1981 cupiunt,

277 1986 499 2038 dandum
530 1987 627 2038 hoc
659 1988 861 2047 censui,
909 1994 966 2037 ut
1000 1988 1314 2051 paucissima
1357 1994 1553 2037 tantum
1590 1987 1714 2036 vitia
1755 1987 1946 2038 intacta
1991 1985 2348 2048 relinquerem,

275 2055 533 2120 plerisque
584 2055 808 2119 aliquam
860 2056 940 2106 vel
992 2071 1171 2117 meam
1213 2054 1296 2107 vel
1352 2056 1568 2108 alienam
1621 2056 1983 2106 correctionem
2037 2054 2350 2117 adhiberem,

275 2125 401 2178 illud
432 2133 600 2176 tamen
632 2127 873 2176 inducere
907 2127 1130 2178 animum
1160 2140 1262 2175 non
1297 2126 1476 2190 potui,
1509 2133 1566 2174 ut
1598 2126 1937 2190 gravissimae
1973 2124 2349 2194 depravationis

274 2195 497 2259 vestigia
533 2196 703 2245 omnia
749 2194 1080 2252 occultarem3
1132 2209 1289 2257 quare
1333 2209 1466 2262 quae
1513 2195 1568 2242 iu
1613 2193 1785 2244 codice
1822 2188 2142 2246 Murbaeensi
2189 2193 2350 2243 fuisse

275 2272 470 2313 constat
490 2264 719 2327 quamvis
742 2263 1013 2324 manifesta
1034 2263 1353 2315 librariorum
1376 2263 1736 2323 additamenta,
1762 2278 1863 2313 non
1890 2262 2054 2316 abieci
2081 2262 2234 2328 plane
2258 2263 2351 2312 sed

275 2334 521 2397 appositis
557 2332 874 2398 parenthesis
910 2334 1076 2399 signis
1110 2333 1399 2383 abiicienda
1436 2332 1683 2390 iudicavi3
1730 2333 1816 2382 ubi
1859 2340 2027 2383 autem
2064 2333 2117 2383 in
2151 2340 2349 2382 mutan·

276 2402 356 2452 dis
393 2402 582 2453 codicis
616 2404 797 2454 verbis‘
823 2403 1138 2454 coniecturas
1173 2413 1379 2453 secutus
1405 2416 1535 2460 sum,
1571 2416 1704 2464 quae
1724 2403 2020 2452 incertiores
2042 2402 2349 2460 viderentur,

273 2479 361 2522 aut
395 2472 483 2521 ubi
518 2471 724 2522 lacunas
761 2473 888 2522 meis
925 2471 1230 2535 quibusdam
1265 2471 1433 2521 verbis
1468 2470 1690 2535 exempli
1722 2485 1879 2522 causa
1910 2471 2093 2536 positis
2128 2468 2348 2535 explevi,

273 2554 335 2590 ea
370 2541 540 2589 omnia
585 2541 837 2592 inclinatis
884 2539 1064 2591 litteris
1107 2541 1263 2592 scribi
1308 2542 1472 2600 iussi,
1528 2540 1720 2592 additis
1767 2541 1889 2591 item
1942 2540 2010 2590 ad
2054 2540 2349 2590 lacunarum

271 2608 625 2673 supplementa
644 2609 966 2674 parenthesis
989 2610 1171 2675 siguis.
1232 2608 1342 2668 Qua
1359 2610 1554 2659 ratione
1574 2624 1676 2660 non
1699 2608 1866 2660 solum
1892 2609 2019 2666 cavi,
2049 2623 2114 2658 ne
2140 2610 2191 2659 in
2222 2607 2349 2660 locis

243 2692 246 2696 ’
273 2678 444 2728 dubiis
479 2676 628 2732 fucus
656 2679 804 2729 -fieret
839 2678 1115 2730 lectoribus
1131 2714 1149 2743 ,
1202 2678 1295 2729 sed
1331 2677 1475 2728 effeci
1508 2679 1690 2737 etiam,
1740 2686 1798 2728 ut
1831 2680 2069 2743 graviora
2098 2678 2350 2740 quaedam

272 2747 650 2811 depravationis
700 2762 891 2813 genera
924 2747 1215 2798 manifestis
1259 2747 1576 2798 documentis
1628 2754 1880 2810 extarent,
1936 2762 2002 2796 ex
2051 2748 2236 2810 quibus
2286 2747 2349 2797 de

267 2815 397 2866 locis
431 2816 598 2868 miuus
638 2817 928 2870 manifestis
969 2817 1183 2867 iudicari
1231 2823 1422 2881 posset.
1494 2816 1623 2868 Nam
1665 2817 1934 2880 irrepsisse
1976 2814 2249 2879 aliquando
2293 2817 2349 2870 in

271 2886 387 2950 ipsa
419 2883 607 2934 Velleii
640 2887 794 2937 verba
825 2887 960 2936 varii
993 2886 1198 2952 generis
1232 2900 1262 2934 e
1302 2885 1533 2951 margine
1563 2885 1909 2936 additamenta
1927 2917 1942 2944 ,
1992 2886 2122 2936 adeo
2160 2893 2349 2936 certum

271 2963 349 3003 est
394 2953 698 3018 quibusdam
735 2951 1010 3020 exemplis,
1055 2954 1214 3007 veluti
1248 2953 1338 3005 lib.
1370 2955 1418 3014 1,
1466 2970 1510 3005 e.
1546 2952 1607 3014 6,
1651 2952 1702 3006 6.
1740 2952 1830 3003 lib.
1861 2954 1933 3013 11,
1980 2970 2024 3007 c.
2066 2954 2161 3014 10,
2209 2955 2258 3005 1.
2294 2964 2348 3004 ut

266 3023 390 3074 talia
424 3023 511 3085 qui
547 3024 971 3085 consideraverit,
1027 3024 1256 3074 dubitare
1290 3038 1394 3074 non
1430 3025 1624 3088 possit,
1678 3024 1799 3086 quin
1845 3031 1994 3073 recte·
2027 3025 2179 3074 etiam
2225 3023 2349 3074 alibi

268 3107 330 3141 eo
365 3092 670 3144 emendandi
701 3107 886 3157 genere
920 3101 1138 3146 utamur.
1211 3093 1388 3156 Neque
1421 3094 1587 3143 minus
1620 3100 1812 3143 certum
1849 3100 1951 3157 est,
1990 3095 2349 3157 praetermissa

268 3174 383 3224 esse
420 3175 782 3224 nonnunquam
811 3177 843 3212 a
879 3161 1089 3214 librario
1122 3162 1393 3212 festinante
1442 3163 1635 3225 aliquot
1667 3160 1852 3213 Velleii
1889 3163 2071 3226 verba,
2125 3161 2347 3212 maxime

266 3218 355 3280 ubi
388 3244 420 3279 a
452 3245 581 3282 voce
611 3230 769 3282 simili
816 3231 884 3282 ad
927 3231 1145 3282 similem
1195 3230 1277 3281 vel
1326 3231 1393 3281 ad
1440 3221 1664 3282 eandem
1692 3231 1875 3282 iterum
1917 3233 2137 3295 positam
2185 3230 2347 3281 oculis

267 3300 503 3350 aberrare
550 3299 700 3350 facile
749 3309 885 3363 eratg
936 3301 1075 3364 quod
1122 3301 1367 3352 vitiorum
1413 3314 1576 3364 genus
1622 3315 1737 3351 cum
1784 3307 1833 3349 et
1882 3300 2070 3363 ubique
2106 3299 2347 3361 frequens

266 3367 332 3417 sit
365 3375 414 3417 et
448 3368 502 3418 in
537 3383 735 3419 summa
770 3368 966 3421 librarii
992 3369 1241 3421 Velleiani
1271 3368 1586 3434 negligentia
1610 3384 1775 3435 paene
1804 3370 1986 3418 abesse
2022 3383 2123 3418 non
2161 3370 2342 3432 possit,

265 3444 547 3503 temperare
581 3437 706 3489 mihi
744 3453 844 3491 non
879 3440 1023 3504 potui
1058 3437 1180 3503 quin
1226 3438 1529 3501 aliquotiens
1579 3439 1708 3490 meis
1756 3438 1930 3546 vex-bia
1959 3436 2223 3486 Velleiana
2263 3438 2342 3485 iu·

1853 3526 1886 3562 a

903 3634 1421 3801 '570642
