2634 3909
793 153 1301 254 PRID.¹HAA811
1333 199 1795 254 PRAEFA'rlo.
2239 216 2327 254 vu

262 348 307 386 a.
332 331 415 384 60.
453 331 629 386 consul
651 331 770 391 fnit,
799 333 862 383 de
886 347 986 398 quo
1008 333 1111 386 vid.
1137 334 1287 385 inser.
1312 331 1463 385 5407.
1498 335 1552 382 in
1580 334 1759 384 Inncrr.
1785 333 1871 386 lat.
1899 332 2090 383 collect.
2113 332 2215 383 vol.
2241 335 2327 383 111.

262 415 375 465 pag.
402 398 483 449 69.
508 400 575 448 ib.
601 399 823 451 Henzen.
893 400 1025 449 Illud
1047 401 1274 463 gravina,
1303 401 1439 464 quod
1459 401 1814 450 Mommsenius
1839 400 2207 459 animadvertit,
2235 400 2327 451 ca·

260 482 362 532 pua
388 466 649 518 oriundum
674 467 833 515 videri
855 464 1170 520 historiarum
1193 468 1484 531 scriptorem
1515 466 1666 531 idque
1687 466 1908 532 intellegi
1929 468 2242 531 potissimum
2268 482 2333 516 ex

265 534 346 583 lib.
376 534 411 591 Ι,
439 548 481 581 c.
509 531 557 580 7.
584 531 696 582 coll.
723 533 806 583 lib.
835 534 895 590 11,
924 547 966 583 c.
994 531 1074 593 76,
1104 532 1131 582 1
1158 543 1205 582 et
1233 532 1311 593 16,
1342 532 1387 583 1.
1413 534 1462 583 2.
1499 533 1687 584 accedit
1711 534 1775 584 de
1810 535 1920 584 eius
1952 533 2136 584 familia
2157 533 2332 583 titulus

264 602 315 649 iu
340 601 518 648 Inscrr.
546 600 605 648 R.
633 598 789 666 Neap.
815 597 964 650 3636.

397 665 469 714 De
495 667 638 714 novis
663 676 830 721 autem
854 666 1282 716 emendationibus
1306 675 1357 715 et
1380 666 1675 730 quibusdam
1699 667 1949 716 veteribus
1973 666 2046 716 sic
2066 664 2264 716 habeto.

396 730 556 784 Lib.
582 731 656 791 1,
681 728 746 789 2,
773 730 825 790 3.
864 747 1013 782 voces
1046 734 1142 782 sed
1170 734 1251 782 hic
1286 735 1696 797 insequentesque
1719 734 1987 783 archontes
2008 733 2333 783 Mommsenio

269 798 507 849 delendae
538 801 677 850 visae
711 807 829 849 sunt
858 806 914 849 ut
949 814 977 848 e
1007 800 1305 863 glossemate
1339 811 1499 858 ortae,
1538 801 1652 863 quia
1676 813 1777 849 non
1810 801 2005 864 possint
2026 814 2175 850 voces
2200 801 2339 863 apud

267 867 464 918 Atticos
488 867 585 916 nisi
610 882 722 915 cum
744 867 896 917 verbo
920 865 1230 929 usurpabant
1255 866 1505 930 coniungi.
1563 867 1641 915 Me
1666 866 1867 929 quidem
1890 866 1974 915 illa
1996 868 2148 916 verba
2169 867 2335 915 minus

269 933 552 993 offendunt3
591 932 821 982 credibile
858 932 989 981 enim
1023 940 1099 986 est
1120 932 1368 984 Velleium
1401 933 1485 981 ubi
1517 932 1653 997 apud
1672 934 1865 982 Atticos
1889 948 2002 983 esse
2023 932 2336 982 Medontidae

268 1001 426 1049 dictos
459 1001 556 1059 ait,
592 1000 644 1048 in
678 998 888 1048 familiae
921 1000 1123 1048 nomine
1154 1000 1390 1050 statuisse
1426 1000 1679 1062 dignitatis
1723 1000 1891 1049 inesse
1935 999 2333 1064 appellationem.

269 1067 398 1117 Illud
444 1082 525 1115 me
568 1067 726 1129 magis
770 1074 961 1125 movet,
1012 1065 1147 1129 quod
1189 1067 1302 1130 ipsa
1349 1067 1502 1115 oratio
1547 1065 1643 1115 hoc
1687 1066 1797 1115 loco
1842 1081 2017 1115 manca
2057 1066 2255 1116 videtur
2290 1076 2338 1114 et

268 1147 515 1198 suspensa
548 1141 597 1182 et
625 1141 819 1197 praeter
866 1133 1258 1197 expectationem
1290 1133 1357 1183 ibi
1393 1133 1655 1191 desinens,
1702 1133 1788 1182 ubi
1832 1147 1936 1182 non
1982 1133 2155 1182 credas
2200 1132 2339 1182 alind

269 1201 540 1263 quidquam
563 1201 659 1248 nisi
684 1200 745 1249 de
769 1200 830 1249 iis
854 1198 1169 1262 archontibus
1194 1199 1292 1248 dici
1313 1201 1564 1263 potuisse,
1613 1200 1697 1262 qui
1733 1214 1846 1248 eum
1878 1198 2118 1250 honorem
2154 1213 2255 1249 non
2285 1201 2337 1249 in
2366 1214 2406 1266 χ

266 1268 399 1316 vitae
444 1276 641 1332 tempus
686 1273 1006 1332 usurparunt.
1077 1265 1240 1325 Quare
1280 1267 1508 1330 suspicor
1551 1273 1709 1315 totum
1742 1265 1882 1315 illum
1916 1266 2106 1326 locum,
2155 1267 2240 1329 qui
2278 1266 2340 1315 de

268 1332 586 1383 archontibus
611 1341 687 1383 est
709 1348 817 1398 cap.
843 1331 904 1387 8,
933 1332 981 1382 3.
1025 1331 1141 1381 hinc
1165 1348 1276 1381 esse
1297 1333 1528 1382 avulsum
1553 1341 1602 1381 et
1622 1332 1741 1382 illuc
1762 1332 2080 1391 translatum3
2116 1348 2215 1396 quo
2249 1346 2337 1396 ge·

269 1416 388 1450 nere
422 1401 623 1465 saepius
661 1415 772 1449 esse
794 1399 972 1448 Velleii
1008 1397 1160 1448 libros
1196 1398 1518 1463 depravatos,
1553 1400 1653 1447 iam
1686 1399 1804 1450 olim
1837 1399 2198 1458 demonstravi3
2244 1399 2341 1449 hoc

269 1476 437 1516 tamen
460 1467 569 1516 loco
593 1480 695 1515 non
719 1466 1083 1530 neglegentiam
1107 1466 1277 1514 credas
1301 1466 1612 1518 librariorum
1635 1466 1965 1524 accusandam
1988 1482 2099 1516 esse
2122 1466 2215 1517 sed
2236 1466 2337 1516 for-

270 1542 405 1584 tasse
430 1535 537 1582 eius
603 1548 653 1582 m
674 1532 888 1582 hominis
912 1532 1161 1581 infelicem
1181 1532 1501 1592 industriam,
1540 1534 1625 1596 qui
1648 1547 1755 1597 cap.
1782 1530 1840 1592 6,
1867 1530 1916 1582 6.
1952 1534 2215 1598 adscripsit
2237 1534 2338 1581 Ae·

270 1601 393 1649 milii
419 1599 548 1648 Sura
599 1598 789 1657 locum3
825 1598 877 1659 is,
903 1599 1061 1656 enirn,
1099 1612 1197 1660 quo
1236 1606 1338 1647 erat
1373 1598 1721 1662 chronologiae
1754 1599 1948 1659 studio,
1986 1600 2132 1650 facile
2161 1601 2338 1665 potui-t,

271 1677 329 1716 ut
352 1675 631 1729 temporum
654 1670 872 1713 servaret
895 1664 1135 1722 ordinem,
1158 1678 1472 1728 corrumpere
1495 1667 1731 1714 orationis
1756 1665 2141 1725 cohaerentiam3
2166 1680 2338 1729 quam-

272 1746 423 1797 quam
457 1741 735 1796 temporum
769 1745 969 1794 quoque
1000 1730 1224 1779 ordinem
1253 1731 1365 1795 ipse
1387 1731 1609 1781 Velleius
1644 1732 1687 1780 si
1724 1745 1922 1784 servare
1953 1734 2007 1781 in
2039 1732 2133 1781 hac
2162 1748 2217 1781 re
2252 1747 2342 1781 vo·

272 1800 475 1858 luisset,
524 1796 659 1848 haud
704 1797 853 1848 dubie
898 1812 1002 1846 non
1046 1805 1162 1846 ante
1206 1799 1299 1848 sed
1340 1804 1457 1861 post
1500 1798 1707 1848 Romam
1753 1798 2002 1848 conditam
2045 1798 2341 1848 decennales

273 1865 539 1916 archontes
576 1872 1046 1914 commemoraturus
1081 1863 1200 1922 fuit3
1246 1864 1568 1929 interpolator
1592 1878 1708 1914 vero
1732 1879 1845 1914 cum
1866 1866 1935 1915 ibi
1959 1865 2274 1915 commodum
2297 1867 2343 1914 ei

272 1935 344 1986 rei
368 1933 534 1982 locum
568 1947 668 1982 non
702 1932 965 1996 reperiret,
1001 1931 1118 1980 fecit
1141 1932 1276 1994 quod
1308 1932 1497 1995 potuit,
1534 1940 1590 1981 ut
1613 1930 1838 1995 neglecto
1865 1939 1913 1982 et
1935 1932 2114 1982 Velleii
2137 1931 2343 1983 consilio

276 2011 329 2049 et
373 2001 555 2064 exiguo
601 1999 838 2064 temporis
885 1999 1167 2048 discrimine
1212 1999 1429 2062 aliquam
1476 2007 1607 2048 certe
1653 2013 1823 2048 curam
1863 1997 2211 2064 chronologiae
2252 2001 2341 2049 ad·

274 2066 483 2117 hiberet.
531 2066 592 2116 H.
1683 2100 1688 2104 -
2141 2097 2146 2102 ·

409 2131 472 2191 3,
508 2128 565 2189 2.
615 2130 759 2193 Quod
785 2147 891 2182 cum
925 2133 1016 2181 atii
1037 2131 1262 2195 faciant,
1308 2134 1495 2195 traqici
1521 2131 1924 2198 frequentissime
1950 2128 2175 2198 faciant]
2229 2131 2345 2181 Tum

275 2199 592 2266 particulam,
631 2213 778 2262 quam
810 2199 1025 2247 Kritzius
1057 2200 1106 2247 in
1146 2197 1299 2264 altero
1333 2200 1613 2258 sententiae,
1631 2202 1849 2250 membro
1874 2199 2180 2249 adiciendam
2211 2200 2342 2248 iudi·-

278 2268 404 2316 cavit
419 2303 432 2327 ,
460 2281 559 2316 non
586 2266 914 2315 necessariam
938 2280 1074 2324 esse,
1102 2280 1201 2314 non
1225 2274 1451 2330 poteram
1475 2273 1604 2325 tum,
1644 2280 1756 2314 cnm
1782 2267 1888 2315 eius
1914 2267 2141 2316 editionis
2166 2280 2343 2315 censu-

278 2348 384 2382 ram
407 2335 694 2391 scribebam,
723 2347 865 2383 exem
902 2332 961 2381 lis
985 2333 1220 2395 probare3
1246 2347 1381 2382 nunc
1402 2331 1525 2381 haec
1546 2332 1778 2381 sufficere
1799 2333 2055 2384 videntur:
2082 2332 2199 2382 Sen.
2224 2346 2343 2381 con·

279 2410 408 2450 πον.
436 2401 473 2449 Ῑ.
509 2399 666 2465 praef.
692 2399 723 2460 S
747 2399 797 2447 2.
898 2400 980 2460 ed,
997 2414 1103 2448 cum
1135 2401 1288 2448 multa
1307 2401 1406 2448 iam
1428 2400 1543 2448 mihi
1563 2415 1634 2449 ex
1655 2414 1729 2449 me
1753 2401 2095 2450 desideranda
2116 2406 2347 2449 senectus

276 2469 464 2531 fecerit
485 2492 553 2502 —-
574 2469 710 2515 inter
731 2480 795 2514 ea
818 2481 944 2530 quae
980 2467 1133 2514 retuli
1162 2470 1399 2516 memoria
1420 2472 1513 2515 est.
1562 2466 1679 2518 sen.
1710 2465 1772 2515 de
1794 2467 1975 2516 beneff.
2006 2468 2043 2525 Ι,
2073 2465 2119 2522 1,
2144 2466 2194 2514 4.
2241 2467 2351 2516 Sed
2437 2478 2444 2484 ·

281 2550 385 2583 cam
406 2536 474 2583 sit
496 2536 548 2582 in
571 2535 695 2597 ipsis
718 2538 901 2582 crimen
926 2536 1011 2597 qai
1031 2547 1092 2581 ne
1116 2532 1429 2595 confessione
1455 2534 1647 2597 quidem
1666 2535 1807 2596 yrati
1826 2539 1965 2591 sunt,
1992 2536 2043 2582 in
2066 2532 2207 2582 nobis
2231 2548 2348 2598 quo-

284 2616 387 2667 que
411 2606 504 2652 est.
552 2600 668 2649 dial.
694 2598 828 2658 1,*4,
859 2597 938 2647 10.
990 2599 1103 2648 Cum
1138 2603 1327 2657 omnia,
1366 2614 1491 2664 quae
1516 2605 1844 2650 excesserunt
1865 2601 2079 2659 modum,
2119 2605 2346 2658 noceant,

274 2668 699 2732 periculosissima
724 2663 988 2728 felicitatis
1019 2668 1406 2730 intemperantia
1437 2672 1529 2715 est.
1579 2666 1693 2715 dial.
1720 2666 1820 2725 XI,
1850 2664 1936 2724 12,
1963 2666 2014 2713 4.
2048 2682 2191 2715 unum
2224 2667 2351 2715 hicne

281 2739 567 2796 cognovisse
592 2735 790 2792 videor,
828 2750 967 2798 quem
990 2731 1208 2781 omnibus
1230 2734 1436 2781 amicum
1453 2732 1639 2783 habere
1662 2749 1768 2782 cam
1791 2734 2062 2795 expediat,
2095 2735 2251 2797 magis
2273 2733 2351 2782 ta*—

281 2816 391 2852 men
423 2805 570 2849 ctiam
604 2800 738 2850 libet.
785 2800 898 2849 Tac.
924 2801 1057 2850 Anu.
1084 2799 1181 2857 IV,
1208 2777 1290 2850 234.
1338 2814 1542 2864 quorum
1572 2814 1657 2849 res
1676 2804 1849 2862 qestas
1871 2814 1978 2849 cum
1992 2803 2203 2865 plurimi
2224 2814 2351 2849 com-

277 2872 570 2931 posuerint,
596 2882 734 2917 nemo
758 2869 866 2916 sine
888 2867 1077 2916 honore
1101 2868 1401 2915 memoravit.
1447 2865 1508 2915 H.

266 2974 270 2980 .
419 2928 483 2990 8,
519 2930 568 2987 1.
616 2938 924 2998 octingentos
957 2927 1082 2997 tris]
1126 2933 1274 2981 Vetat
1307 2932 1372 2982 M.
1410 2933 1587 2981 mutari
1622 2946 1908 2991 numerum,
1957 2934 2042 2995 qui
2078 2941 2153 2982 est
2182 2933 2232 2981 in
2270 2933 2349 2981 ed.

284 3000 441 3066 princ.
467 2998 820 3049 DCCCXXIII.
843 3000 958 3062 quia
980 3000 1021 3048 si
1046 2998 1321 3048 adiciantur
1341 3000 1461 3048 anni
1486 2999 1868 3059 CCCCXXVII,
1897 3014 2023 3063 quos
2046 3000 2214 3064 posuit
2240 2998 2348 3049 Gle-

285 3082 427 3117 mens
451 3065 835 3125 Alexandrinae,
860 3060 1050 3131 ipsi'illi
1073 3065 1401 3116 conficiuntur
1423 3067 1540 3115 anni
1562 3066 1750 3125 MCCL,
1777 3080 1904 3130 quos
1929 3067 2108 3115 deinde
2130 3064 2354 3115 Velleius

287 3142 529 3183 numerat.

419 3197 469 3258 9,
495 3197 544 3255 1.
592 3206 646 3248 ut
660 3201 953 3264 plerumque
974 3201 1210 3263 superior
1236 3198 1528 3249 Gentium
1548 3214 1867 3266 magnamque
1886 3204 2085 3264 partem
2109 3197 2354 3248 Graeciae

287 3272 339 3318 in
361 3269 648 3332 societatem
670 3282 808 3316 suam
830 3267 1150 3329 perduceret.
1199 3266 1332 3327 conj.
1356 3266 1422 3314 M.

422 3331 482 3394 9,
510 3330 559 3390 6.
607 3344 682 3385 vet
714 3335 856 3383 modo
887 3335 1154 3397 pecuniae,
1204 3336 1290 3398 qui
1319 3331 1393 3381 bis
1424 3334 1578 3383 miltes
1595 3335 1797 3383 -centies
1844 3333 2047 3384 aerario
2092 3330 2357 3380 contulerit
