2634 3909
641 181 1058 248 fflS'rolttAE
1097 181 1487 248 Romu:-
1523 182 1606 254 11,
1646 188 1736 246 Β.
1767 189 1856 245 94.
2137 177 2219 242 71

276 336 582 400 aerarium«
620 336 916 412 pecunias
963 334 1271 412 publicas,
1324 343 1453 398 tum
1502 336 1563 395 in
1611 334 1871 400 comitiis
1918 334 2217 396 habendis

276 421 670 497 praecipuum
712 420 836 494 egit
875 419 1217 481 consulem:
1265 435 1406 480 nam
1445 427 1506 480 et
1546 426 1931 495 quaesturam
1962 419 2221 494 petentis
2247 425 2286 479 3

275 521 437 582 quos
464 503 748 579 indignos
777 503 1094 576 iudicavit,
1124 502 1400 578 profiteri
1427 503 1644 576 vetuit,
1673 510 1736 564 et
1762 518 1899 565 cum
1935 503 2001 563 id
2030 503 2220 563 factu-

273 604 382 649 ros
412 604 482 649 se
507 592 1001 662 perseverarent,
1033 587 1448 660 consularem,
1480 584 1534 647 si
1564 586 1627 646 in
1655 602 1933 662 campum
1963 587 2221 646 descen-

276 672 544 744 dissent,
592 670 918 731 vindictam
951 669 1213 731 minatus
1241 677 1366 744 est,
1415 677 1476 730 et
1502 670 1855 745 Egnatium,
1905 668 2223 730 florentem

276 757 490 834 favore
529 752 777 828 publico
822 759 1293 830 sperantemque
1334 761 1401 814 ut
1438 760 1787 829 praeturam
1825 753 2111 814 aedilitati
2140 754 2226 813 ita
2274 800 2282 807 .

275 839 659 899 consulatum
703 842 1024 912 praeturae
1053 852 1124 897 se
1164 837 1536 909 iuncturum,
1560 885 1565 892 .
1589 837 1862 914 profiteri
1908 836 2122 916 vetuit,
2165 843 2224 895 et

274 938 415 983 cum
443 922 506 981 id
535 937 658 980 non
690 919 1080 994 obtinuisset,
1111 920 1358 992 iuravit,
1393 921 1627 982 etiamsi
1657 921 1853 982 factus
1882 927 2052 981 esset
2078 935 2224 981 con-

235 1019 242 1026 ·
274 1006 372 1065 sul
401 1003 710 1079 suffragiis
738 1004 982 1080 populi,
1027 1011 1224 1064 tamen
1267 1020 1340 1064 se
1378 1019 1519 1064 eum
1560 1020 1680 1066 non
1710 1005 2223 1066 renunciaturum.

276 1087 455 1162 Quod
484 1104 598 1163 ego
629 1088 853 1148 factum
879 1086 1126 1148 cuilibet
1151 1095 1424 1148 veterum
1455 1088 1776 1151 consulum
1799 1087 2032 1164 gloriae
2061 1103 2226 1148 com-
2252 1078 2291 1131 4

277 1171 615 1247 parandum
653 1187 825 1246 reor,
867 1170 985 1231 nisi
1028 1172 1196 1246 quod
1226 1172 1576 1234 naturaliter
1604 1172 1810 1233 audita
1835 1171 1987 1234 visis
2017 1171 2227 1233 lauda-

279 1272 413 1316 mus
440 1255 727 1316 libentius
751 1263 813 1316 et
838 1256 1187 1331 praesentia
1211 1255 1458 1330 invidia,
1488 1255 1819 1331 praeterita
1835 1257 2227 1330 veneratione

278 1339 705 1414 prosequimur
732 1346 795 1398 et
820 1338 915 1399 his
943 1354 1059 1399 nos
1092 1338 1297 1412 obrui,
1324 1340 1454 1402 illis.
1475 1340 1692 1401 instrui
1722 1339 2048 1400 credimus.

373 1483 378 1490 ,
442 1422 646 1481 XCIII.
701 1425 861 1481 Ante
888 1421 1212 1482 triennium
1238 1423 1398 1496 fere,
1440 1439 1625 1498 quam
1651 1423 2053 1499 Egnatianum
2094 1439 2229 1484 sce·
2259 1432 2289 1484 1

277 1508 374 1567 lus
402 1511 776 1581 erumperet,
807 1503 970 1565 circa
993 1505 1286 1565 Murenae
1314 1504 1764 1583 Caepionisque
1793 1507 2228 1568 coniurationis
2261 1497 2268 1518 '

278 1600 551 1663 tempuS,
587 1587 807 1648 abhinc
836 1604 1032 1649 annos
1063 1588 1529 1664 quinquaginta,
1558 1590 1640 1650 M.
1667 1590 2023 1665 Marcellus,
2055 1606 2227 1651 soro-

276 1674 362 1733 ris
404 1673 665 1748 Augusti
703 1670 990 1732 Octaviae
1032 1672 1244 1744 filiuS,
1281 1688 1461 1745 quem
1501 1673 1780 1734 homines
1820 1674 1933 1746 ita,
1984 1675 2038 1734 si
2081 1674 2235 1747 quid

279 1756 606 1826 accidisset
648 1756 924 1830 Caesari,
976 1770 1404 1816 successorem
1444 1756 1751 1832 potentiae
1795 1757 1929 1817 eius
1980 1757 2229 1817 arbitra-

275 1841 497 1904 bantur
523 1841 821 1912 futurum,
846 1847 932 1900 ,ut
969 1847 1171 1899 tamen
1210 1839 1273 1899 id
1302 1854 1413 1913 per
1429 1836 1520 1899 M.
1544 1840 1880 1915 Agrippam
1924 1856 2144 1920 securo
2175 1841 2228 1900 ei

276 1940 471 1999 posse
528 1925 878 1999 contingere
934 1939 1056 1985 non
1113 1921 1568 1998 existimarent,
1627 1924 2230 2006 magnificentissimo

276 2023 527 2070 munere
555 2007 878 2072 aedilitatis
905 2008 1068 2069 edito
1100 2006 1371 2068 decessit
1398 2006 1726 2070 admodum
1758 2008 1996 2069 iuvenis
2013 2053 2028 2082 ‚
2059 2023 2229 2080 sane,

274 2099 342 2153 ut
368 2091 568 2165 aiunt,
609 2087 1010 2166 ingenuarum
1053 2091 1336 2151 virtutum
1375 2091 1698 2168 laetusque
1726 2090 1912 2152 animi
1938 2098 1998 2153 et
2024 2091 2230 2167 ingeni

274 2176 695 2251 fortunaeque,
726 2175 787 2234 in
819 2191 1000 2250 quam
1029 2174 1321 2246 alebatur,
1352 2189 1572 2249 capax.
1621 2175 1769 2236 Post
1796 2177 1972 2237 cuius
2001 2176 2233 2256 obitum
2259 2183 2294 2236 2

274 2260 582 2334 Agrippa,
619 2256 723 2333 qui
751 2257 869 2318 sub
897 2259 1109 2333 specie
1137 2256 1607 2319 ministeriorum
1636 2259 2055 2337 principalium
2089 2275 2228 2335 pro-

274 2342 474 2403 fectus
516 2341 578 2400 in
603 2341 851 2415 Asiam,
889 2340 959 2402 ut
997 2340 1157 2401 fama
1197 2341 1496 2416 loquitur,
1539 2342 1618 2403 ob
1660 2343 1877 2404 tacitas
1909 2360 2044 2404 cum
2072 2344 2229 2402 Mar-

275 2427 431 2496 cello
457 2424 835 2485 offensiones
865 2425 1175 2501 praesenti
1208 2440 1279 2485 se
1308 2424 1689 2496 subduxerat
1716 2429 1991 2501 tempori,
2022 2441 2216 2485 rever-

274 2526 385 2570 sus
414 2510 558 2570 inde
584 2509 771 2568 filiam
795 2507 1076 2569 Caesaris
1105 2508 1333 2581 Iuliam,
1367 2525 1549 2584 quam
1578 2510 1638 2570 in
1668 2510 2049 2569 matrimonio
2070 2510 2230 2567 Mar-

275 2593 467 2653 cellus
488 2591 813 2666 habuerat,
846 2592 1020 2652 duxit
1041 2607 1320 2664 uxorem,
1351 2592 1634 2653 feminam
1658 2608 1861 2667 neque
1885 2592 2002 2653 sibi
2023 2608 2230 2667 neque

272 2675 649 2751 reipublicae
681 2676 874 2736 felicis
905 2676 1081 2737 uteri.

440 2757 646 2817 XCIV.
703 2758 834 2819 Hoc
864 2765 1060 2819 tractu
1089 2767 1430 2836 temporum
1457 2761 1543 2820 Ti.
1575 2757 1871 2822 Claudius
1892 2759 2073 2831 Nero,
2106 2776 2229 2836 quo
2260 2765 2292 2819 1
2404 2823 2415 2834 ‚

275 2843 471 2914 trimo,
494 2849 562 2902 ut
580 2842 1015 2916 praediximus,
1038 2842 1225 2917 Livia,
1253 2845 1436 2907 Drusi
1453 2843 1768 2904 Claudiani
1788 2843 1931 2917 filia,
1960 2843 2229 2920 despon-

277 2925 463 2985 dente
490 2925 576 2984 Ti.
593 2925 853 2999 Nerone,
887 2927 984 2987 cui
1015 2936 1153 2988 ante
1184 2936 1375 3005 nupta
1401 2927 1613 2998 fuerat,
1644 2927 1889 2995 Caesari
1918 2935 2231 3003 nupserat,

272 3008 602 3069 innutritus
643 3009 997 3086 coelestium
1051 3019 1516 3086 praeceptorum
1567 3009 1940 3086 disciplinis,
1990 3010 2231 3073 iuvenis

273 3107 521 3168 genere,
550 3092 766 3167 forma,
797 3091 1154 3154 celsitudine
1183 3096 1485 3172 corporiS,
1515 3093 1762 3168 optimis
1795 3095 2011 3155 studiis
2039 3096 2230 3154 maxi-

193 3187 214 3195 “
273 3173 504 3260 meque
533 3176 777 3251 ingenio
808 3176 1330 3252 instructissimuS‚
1361 3178 1465 3254 qui
1494 3175 1790 3253 protinus,
1820 3186 2085 3253 quantus
2115 3184 2228 3249 est,

275 3260 513 3335 sperari
531 3267 835 3335 potuerat,
870 3261 1132 3337 visuque
1156 3262 1537 3338 praetulerat,
1548 3259 1904 3337 principem,
1939 3261 2232 3337 quaestor

276 3343 796 3406 undevicesimum
825 3360 1050 3405 annum
1077 3361 1268 3420 agens
1297 3357 1630 3421 capessere
1659 3345 1863 3426 coepit
1889 3341 2229 3426 {rempubli-

277 3442 422 3496 cam·
439 3429 888 3504 maximamque
917 3428 1332 3489 difficultatem
1362 3431 1641 3489 annonae
1670 3444 1741 3487 ac
1770 3426 1860 3485 rei
1902 3427 2227 3485 frumenta-
