2634 3909
316 213 370 249 w
540 163 547 170 ’
828 201 1039 254 ram.
1078 200 1352 253 nAAsu
1393 201 1869 254 PRAEFATIO.

315 348 592 404 tegi-arem,
648 342 949 406 praesertim
993 340 1038 390 si
1074 346 1129 404 et,
1158 339 1382 404 corrupti
1414 337 1514 389 loci
1552 346 1732 390 natura
1767 346 1815 391 et
1850 340 2123 405 supplendi
2157 340 2374 392 facilitas

311 408 464 459 fidem
499 408 756 475 facerent,
801 424 903 459 non
937 423 1050 459 esse
1079 406 1178 457 alio
1225 408 1378 457 modo
1424 416 1664 459 erratum:
1713 407 1760 457 si
1809 411 1922 471 quis
1973 417 2141 460 tamen
2184 411 2238 459 in
2281 411 2378 461 hoc

313 477 527 528 consilio
562 480 771 528 nimiam
804 492 1043 528 accusare
1079 476 1214 527 volet
1251 477 1543 536 audaciam,
1602 478 1863 529 sciendum
1896 485 1999 537 est,
2057 493 2136 528 me
2177 494 2376 542 quoquc

312 547 480 611 ipsum
514 548 684 598 verbis
720 563 751 598 a
785 562 866 597 mc
900 547 1052 600 illatis
1080 545 1234 600 fidem
1267 544 1459 596 nullam
1491 547 1710 596 tribuere
1745 546 1837 596 sed
1869 547 1998 597 velle
2034 563 2093 598 ea
2118 550 2377 613 signorum

235 672 238 675 ⁴
315 617 632 678 quorundam
670 614 836 667 locum
873 616 1123 674 obtinere,
1176 630 1305 676 quae
1342 614 1494 665 simul
1532 624 1581 665 et
1619 615 1842 665 indicent
1886 615 2118 666 lacunam
2169 624 2219 666 et
2267 618 2377 668 eius

315 687 564 751 originem
601 687 958 738 demonstrent.
1028 684 1195 746 Atque
1228 682 1356 734 haec
1390 684 1593 747 quidem
1629 684 1873 749 peccandi
1916 699 2103 750 genera
2131 687 2294 735 sintne
2331 688 2378 735 ei

315 755 582 804 tribuenda
599 791 612 815 ,
686 753 773 817 qui
825 753 1052 803 codicem
1103 749 1483 803 Mnrbacensem
1538 754 1738 817 scripsit
1769 778 1776 786 ·=
1798 767 1863 802 an
1911 756 2175 804 vetustiori
2229 755 2379 805 alieni

313 822 521 874 librario
540 860 553 883 ‚
603 823 790 872 frustra
846 836 1088 885 quaeras;
1152 836 1277 886 nec.
1298 823 1465 888 magis
1513 822 1567 871 id
1619 830 1829 887 apparet
1874 822 1927 872 in
1972 825 2118 873 tertio
2160 824 2379 886 quodam

312 894 549 943 vitiorum
584 906 767 957 genere
787 927 802 950 ‚
857 891 995 953 quod
1038 891 1185 955 signo
1230 888 1402 954 aliquo
1450 898 1625 940 notare
1675 904 1778 941 non
1826 893 1997 955 potui3
2058 893 2213 943 verba
2262 893 2377 942 dico

314 964 683 1022 verborumque
734 959 1207 1025 comprehensiones
1253 974 1282 1008 e
1316 974 1410 1009 suo
1447 958 1559 1009 loco
1592 960 1643 1008 in
1679 959 1900 1009 alienum
1929 962 2197 1018 traiectas;
2236 962 2379 1010 cuius

315 1032 498 1080 erroris
550 1044 664 1080 cum
721 1029 841 1078 olim
892 1030 995 1077 iam
1048 1027 1238 1090 aliquot
1299 1027 1534 1091 exempla
1595 1028 1837 1093 indagavi
1899 1030 2227 1095 comprobata
2291 1030 2380 1080 illa

314 1101 492 1149 Kritzii
526 1097 744 1156 iudicio,
787 1105 895 1147 tum
931 1097 1026 1146 tria
1059 1110 1194 1145 nunc
1227 1096 1433 1151 addidi3
1484 1101 1602 1146 nam'
1636 1111 1749 1161 cap.
1787 1093 2017 1148 95*extr.
2068 1113 2182 1149 cum
2231 1107 2381 1149 antea

314 1169 565 1235 legeretur
601 1168 700 1215 sic:
747 1166 1174 1223 adulescentibus,
1224 1173 1316 1215 aut
1355 1164 1639 1216 obiiciente-5
1677 1167 1886 1230 audire,
1931 1167 2065 1230 quod
2096 1173 2193 1217 non
2227 1182 2380 1232 ayne·-

314 1243 482 1287 sceret
526 1251 715 1295 senex,
757 1250 852 1302 ego
886 1234 1042 1283 malui
1080 1234 1285 1283 audiret
1332 1235 1552 1283 scribere
1585 1242 1634 1283 et
1666 1235 2058 1298 transpositione
2091 1237 2195 1295 uti,
2227 1250 2380 1298 quam

310 1307 396 1356 vel
428 1304 670 1356 delendas
704 1306 931 1354 iudicare
964 1311 1065 1353 tres
1098 1316 1246 1353 voces
1282 1317 1400 1352 cum
1431 1302 1745 1363 Ruhnkenio,
1782 1304 2016 1370 Kreusim
2055 1302 2234 1354 Cludio
2250 1341 2263 1364 ,
2298 1305 2379 1354 vel

313 1390 427 1425 cum
479 1372 669 1423 Kritzio
721 1375 1042 1436 acquiescere
1089 1371 1142 1421 in
1192 1372 1604 1436 interpretatione
1660 1371 1985 1424 vehementer
2037 1370 2377 1425 incommoda.

313 1446 439 1493 Item
471 1458 582 1507 cap.
623 1440 710 1500 84,
740 1441 775 1493 2
812 1442 963 1492 verba
997 1440 1117 1492 illax
1153 1440 1273 1491 Rex
1305 1440 1551 1505 Anmntae
1597 1465 1656 1477 --
1694 1442 1970 1492 transmisit
2002 1443 2075 1492 ad
2113 1442 2381 1493 Gaesarem

314 1528 414 1563 non
454 1521 588 1562 recte
634 1512 826 1561 credidi
863 1524 894 1560 a
927 1510 1272 1575 superioribus
1305 1510 1508 1575 seiungi
1556 1510 1865 1575 interpositis
1908 1510 2035 1561 illist
2080 1511 2289 1576 denique
2330 1513 2382 1561 z'n

314 1585 412 1632 ore
437 1606 504 1619 -—
541 1582 721 1630 classis
752 1580 969 1630 hostium*
995 1585 1264 1642 superatm
1314 1586 1364 1628 et
1396 1593 1511 1643 cap.
1553 1577 1657 1630 110
1694 1588 1822 1632 extr.
1858 1580 2011 1630 verba
2046 1580 2160 1630 illat
2208 1582 2384 1631 audita

314 1656 367 1703 in
399 1637 577 1701 seiiatu
620 1663 728 1699 vox
774 1671 841 1687 -·--
893 1650 1159 1713 pollicitati
1200 1650 1362 1698 omnia
1412 1649 1762 1713 anteponenda
1808 1650 1981 1712 putavi
2025 1648 2156 1699 illis:
2203 1649 2384 1700 Habiti

311 1725 484 1787 itaque
530 1719 751 1770 delectus
792 1716 865 1755 -’
909 1726 1117 1769 coactae
1161 1718 1290 1767 dare
1335 1713 1556 1782 militem,
1621 1732 1719 1780 qno
1764 1717 1874 1768 loeo
1920 1718 2215 1768 traiectione
2272 1734 2382 1767 ver-

314 1792 492 1841 borum
529 1795 638 1839 orta
673 1789 824 1837 etiam
856 1794 934 1837 est
962 1787 1172 1846 lacuna,
1218 1783 1379 1850 'quam
1414 1787 1492 1836 bis
1538 1788 1706 1849 posita
1750 1801 1874 1837 voee
1916 1788 2079 1837 omnia
2129 1794 2381 1849 utcunque

313 1859 522 1916 sustuli3
567 1859 622 1907 in
671 1857 784 1909 cod.
822 1856 987 1907 Murb,
1038 1858 1173 1906 enim
1217 1855 1460 1920 scriptum
1505 1854 1708 1904 videtur
1740 1855 1923 1907 fuisse:
1974 1862 2193 1907 eoeactae
2226 1857 2298 1906 ad
2329 1856 2385 1906 id

313 1929 486 1978 bellum
514 1940 737 1989 operae.
755 1926 1056 1987 pollicitati.
1083 1924 1245 1974 omnia
1272 1923 1399 1974 haee
1417 1924 1623 1987 frum-a
1649 1937 2117 1988 praepar-asemas.
2189 1925 2383 1985 Quibus

316 1998 440 2047 locis
475 1997 521 2045 si
552 1996 667 2058 quis
703 2000 932 2043 accurate
969 2001 1018 2044 et
1050 2007 1133 2043 res
1165 2000 1214 2043 et
1241 1994 1404 2045 >verba
1440 1994 1712 2053 examinet,
1744 2008 1844 2044 non
1884 2009 2064 2044 vereor
2095 2007 2160 2045 ne
2194 1993 2383 2043 Velleii

313 2068 483 2132 potius
519 2076 668 2128 quam
705 2062 900 2113 librarii
935 2064 1148 2113 alicuius
1181 2062 1545 2128 negligentiam
1592 2064 1881 2114 coercuisse
1929 2063 2122 2115 videar.
2191 2063 2382 2123 Quarto

315 2136 536 2198 quodam
583 2133 694 2183 loco
745 2132 978 2197 suspicor
1019 2133 1180 2182 tribus
1215 2132 1367 2181 simul
1401 2131 1568 2182 modis
1613 2139 1875 2196 peccatum
1907 2146 2057 2190 esse;
2113 2146 2230 2182 nam
2275 2133 2381 2197 pri·

314 2218 453 2253 mum
489 2203 699 2253 dubium
733 2215 834 2251 non
871 2209 947 2251 est
979 2202 1102 2264 quin
1136 2201 1252 2251 libri
1286 2202 1437 2265 primi
1467 2214 1587 2266 pars
1619 2208 1848 2251 extrema
1896 2201 2171 2260 exciderim
2219 2215 2383 2264 neque

316 2273 450 2322 enim
485 2273 530 2322 is
561 2280 639 2322 est
669 2270 928 2335 Velleius,
974 2270 1060 2333 qui
1094 2270 1147 2319 in
1181 2269 1273 2319 tali
1306 2284 1391 2330 re,
1427 2269 1631 2332 qualem
1664 2284 1778 2335 cap.
1825 2267 1909 2322 18.
1947 2278 2155 2336 tractat,
2191 2272 2383 2335 paucis

313 2341 483 2392 verbis
540 2341 788 2391 contineri
838 2347 988 2403 queat
1046 2337 1185 2393 nullo
1251 2339 1450 2389 adiecto
1503 2339 1863 2389 sententiarum
1920 2338 2161 2399 artifici03
2218 2354 2383 2402 neque

312 2411 559 2464 credibile
606 2419 682 2461 est
715 2411 1057 2459 Romanorum
1102 2408 1200 2458 hoc
1241 2407 1355 2459 loco
1400 2403 1591 2457 nullam
1651 2410 1958 2459 mentionem
2015 2406 2199 2458 factam
2250 2422 2381 2466 esse,

312 2495 444 2543 quos
475 2481 528 2528 in
562 2479 906 2544 superioribus
941 2478 1168 2527 studiose
1203 2491 1316 2527 cum
1355 2476 1561 2527 Graecis
1595 2480 1905 2542 composuit;
1958 2491 2114 2540 quare
2149 2476 2275 2527 nihil
2306 2487 2383 2527 est

314 2548 639 2599 verisimilius
676 2563 828 2611 quam
872 2547 1102 2597 additum
1153 2546 1316 2596 fuisse
1366 2545 1535 2596 locum
1585 2549 1850 2598 sententiis
1892 2554 2188 2598 exornatum
2207 2583 2221 2604 ‚
2279 2561 2381 2609 quo

316 2619 625 2684 significaret
672 2618 888 2667 Romam
945 2631 1059 2666 esse
1109 2617 1270 2679 quasi*
1304 2614 1490 2665 alteras
1543 2616 1792 2679 quasdam
1836 2616 1890 2666 in
1937 2615 2086 2665 Italia
2138 2615 2381 2665 Athenas.

315 2688 507 2738 Deinde
544 2689 855 2752 adscriptum
892 2683 1053 2735 fuisse
1082 2686 1136 2735 in
1171 2685 1400 2751 marg-ine
1434 2683 1618 2735 lemma
1648 2685 1849 2735 videtur
1875 2684 2002 2734 hoc:
2040 2691 2092 2735 et
2118 2686 2170 2733 in
2200 2684 2381 2748 Italia,

318 2759 456 2821 quod
491 2771 606 2806 cum
640 2758 771 2806 inter
806 2756 919 2820 ipsa
951 2754 1329 2805 Velleii·verba
1361 2753 1600 2812 relatum,
1632 2752 2052 2822 deniqne-alieno
2094 2753 2203 2803 loco
2241 2754 2381 2818 posi-

314 2834 424 2876 tum
460 2833 623 2885 esset,
666 2825 988 2875 vehementer
1025 2825 1246 2874 exercuit
1282 2825 1610 2888 interpretem
1658 2823 1783 2877 mihi
1804 2821 1869 2873 id
1906 2823 1952 2872 si
2000 2835 2205 2873 servare
2250 2823 2382 2872 vole-

316 2898 451 2956 bam,
489 2896 776 2945 necessario
811 2896 863 2944 in
891 2894 999 2943 fine¹
1019 2894 1309 2958 ponendum
1344 2892 1459 2942 fuit.
1677 2908 1680 2911 ⁴
1811 2923 1812 2926 κ
1904 2945 1908 2949 ,
2189 2943 2200 2948 p

318 2969 321 2974 ’
452 2966 519 3013 At
554 2966 607 3013 in
640 2964 805 3014 verbis
841 2961 1054 3028 singulis
1089 2971 1210 3024 quot
1246 2962 1413 3011 modis
1442 2969 1705 3025 peccatum
1740 2961 1834 3018 sit,
1887 2958 2098 3027 longum
2127 2966 2214 3015 est,
2240 2972 2382 3009 enar-

316 3048 456 3093 rare,
507 3048 670 3096 neque
702 3034 759 3082 id
788 3033 842 3081 in
877 3032 1196 3082 Murbacensi
1226 3029 1359 3080 libro
1394 3029 1587 3087 solum,
1645 3029 1737 3079 sed
1772 3030 1929 3079 etlam
1967 3036 2116 3079 antea
2158 3027 2380 3088 factum3

319 3104 533 3153 accessit
566 3109 746 3166 postea
784 3100 923 3151 haud
975 3103 1139 3150 minor
1185 3100 1489 3150 emendandi
1531 3098 1766 3161 licentia,
1818 3112 1950 3161 quae
1998 3110 2130 3146 nunc
2178 3097 2383 3147 tandem

319 3174 466 3225 certis
496 3172 695 3238 legibus
728 3172 841 3237 regi
874 3186 1026 3235 posse
1058 3170 1273 3221 videtur.
1346 3168 1699 3229 Quaerendum
1741 3168 1873 3217 euim
1917 3174 2036 3215 ante
2078 3166 2245 3215 omnia
2290 3174 2381 3224 est,

321 3242 444 3305 quid
491 3243 734 3307 scriptum
784 3240 936 3290 fuerit
983 3242 1035 3289 in
1083 3239 1257 3289 codice
1301 3238 1651 3295 Murbacensi3
1712 3234 1767 3284 id
1811 3243 1981 3286 autem
2037 3234 2165 3284 adeo
2220 3242 2380 3285 totum

320 3311 505 3377 pendet
531 3327 599 3362 ex
632 3309 864 3360 Rhenani
894 3316 948 3359 et
982 3308 1180 3358 Burerii
1213 3307 1542 3364 testimoniiS‚
1602 3312 1660 3354 ut
1692 3304 2099 3355 Amerbachiano
2134 3304 2265 3353 libro
2296 3312 2383 3372 aut

319 3380 460 3431 nulla
492 3390 577 3431 aut
600 3382 788 3446 exigua
809 3379 1082 3430 admodum
1107 3386 1156 3427 et
1178 3376 1481 3427 secundaria
1501 3373 1628 3425 fides
1652 3373 1921 3425 tribuenda
1944 3375 2027 3425 sit.
2099 3374 2382 3424 Editionem

319 3453 477 3519 igitur
507 3452 790 3517 principem
833 3465 928 3517 ego
964 3462 1164 3512 quoque
1201 3447 1369 3497 denuo
1401 3445 1667 3511 diligenter
1711 3444 1945 3504 excussi,
1991 3444 2223 3510 exemplo
2259 3456 2383 3494 usus
