2634 3909
298 203 407 241 vm
831 155 1828 242 FRID.-HAASIIPRAEFAT10.

301 322 417 379 HS,
443 328 498 371 ut
519 320 725 373 omnivm
747 346 829 373 -—-·.
867 324 994 373 coni.
1022 323 1087 373 M.
1117 337 1265 386 quem
1289 324 1357 372 ita
1379 332 1580 372 secutus
1605 337 1743 383 sum,
1782 332 1958 373 utnon
1987 330 2073 389 qui
2092 325 2183 376 sed
2204 331 2259 375 ut
2282 332 2369 393 qui

299 390 578 438 scriberem.

430 452 519 512 11,
548 452 604 511 2.
651 460 732 506 eui
753 473 823 507 ex
844 459 1023 507 virtute
1048 457 1370 507 Macedonici
1389 472 1562 507 nomen
1587 455 1745 506 ind-itu
1757 472 1864 506 rus
1898 464 2035 520 erat,
2075 460 2179 510 scil.
2206 459 2361 510 Pseu-

299 521 637 587 dophilippum.
686 524 753 573 M.
796 571 797 574 ,
1018 543 1023 550 ’
1911 581 1914 588 Ι

431 586 500 645 12
517 627 529 648 ,
557 587 607 645 6.
656 592 784 640 adeo
809 592 974 640 odium
993 616 1061 626 -—-
1093 606 1154 639 ne
1179 593 1230 639 in
1251 593 1394 639 vietis
1417 592 1611 655 quidem
1634 591 1902 654 deponitur
1924 607 2084 656 neque
2107 598 2222 642 ante
2245 594 2366 642 invi·

297 671 400 704 sum
416 670 544 705 esse
580 657 785 714 desinit,
836 666 985 722 quam·
1027 672 1141 721 quo
1157 659 1192 706 d
1236 672 1346 706 esse
1393 658 1558 716 desiit.
1606 658 1733 706 coni.
1772 657 1829 708 G.
1867 658 2049 710 Llnker
2081 659 2132 707 in
2166 659 2365 708 Diurnis

300 724 468 771 Austr.
495 717 729 772 scholast.
755 737 801 772 a.
832 722 976 772 1852.
1002 738 1117 789 pag.
1142 722 1226 772 88.
1875 745 1880 748 ·

431 787 525 850 13,
552 788 604 846 3.
653 791 946 855 semperque
971 798 1057 839 aut
1079 791 1194 840 belli
1216 798 1302 840 aut
1334 793 1480 855 pacis
1510 805 1575 839 se
1610 792 1855 841 erudiit
1887 791 2094 840 artibus.
2142 793 2205 841 M.

431 854 524 913 14,
551 853 607 910 4.
657 858 713 905 In
748 858 825 906 ed.
851 858 1008 922 princ.
1046 866 1094 906 et
1126 858 1235 906 eod:
1264 858 1461 906 Anierb.
1488 864 1620 906 recte
1654 858 1800 907 scribi
1833 859 1900 906 ait
1924 859 1987 907 M.
2016 874 2049 907 a
2071 858 2163 923 Sp.
2189 860 2366 909 Postu·

298 924 420 981 mio,
457 938 555 972 non
582 921 668 980 ae,
707 925 825 985 quia
849 937 1110 973 censorum
1134 926 1333 973 nomina
1366 938 1466 972 non
1500 923 1802 988 temporibus
1826 925 2104 976 indicandis
2128 916 2364 976 adhiben-

214 997 217 1002 “
299 999 405 1048 tur,
433 990 679 1039 civitatem
702 1004 818 1038 vero
844 990 960 1039 dare
985 1006 1216 1040 censores
1241 990 1599 1056 dieiepossunt‘,
1634 1005 1779 1053 quam
1805 993 1857 1039 in
1880 991 2071 1041 tabulas
2095 994 2310 1043 mittunt.
2335 1041 2340 1051 ,

432 1052 528 1113 15,
556 1052 612 1109 4.
661 1055 960 1106 Scolacium
991 1058 1311 1116 Minervium,
1369 1057 1634 1106 Tarentum
1669 1057 1937 1121 Neptunia.
2009 1058 2093 1107 Sic
2139 1069 2369 1122 quattuor

300 1122 423 1170 haee
445 1123 647 1172 nomina
670 1124 931 1174 scribenda
965 1139 1101 1183 esse,
1139 1132 1194 1172 nt
1227 1125 1437 1172 duarum
1468 1124 1771 1172 coloniarum
1806 1126 1932 1182 sint,
1983 1126 2149 1176 docuit
2173 1127 2237 1176 M.
2265 1129 2365 1177 vid.

220 1240 239 1256 Ω
300 1188 525 1237 Berichte
548 1189 637 1238 der
659 1191 777 1239 Ιζὸῐι.
805 1190 969 1239 εὲἰοΙιε.
998 1191 1188 1258 Gffist.
1214 1191 1300 1254 W,
1325 1189 1644 1260 BhilthSt·
1669 1191 1748 1254 ΚΙ.
1775 1189 1920 1240 1849.
1977 1239 1982 1242 Α
2017 1215 2032 1231 a
2103 1198 2108 1203 '

442 1252 527 1314 Ιδ,
553 1250 609 1309 1.
658 1255 862 1336 inqenia
884 1245 1262 1307 Soffiticossre
1298 1258 1403 1320 eff
1408 1260 1463 1307 lo
1476 1272 1544 1306 re
1556 1246 1850 1306 iiiiii&
1851 1251 1944 1306 '‘'M'L

535 1319 613 1371 ib.
660 1326 782 1389 quid
801 1330 921 1373 ante
941 1324 1223 1375 Isocratem
1244 1348 1311 1360 ·-·
1334 1328 1521 1374 clarum
1536 1327 1595 1373 in
1618 1324 1943 1374 oratoribus?
1973 1324 2074 1388 fui
2081 1332 2104 1373 t
2141 1327 2208 1375 id
2241 1329 2368 1376 adeo

673 1397 892 1439 artatum
914 1416 997 1439 ——.
1043 1392 1110 1440 M.
2153 1397 2154 1400 ’
2341 1403 2346 1410 ’

433 1451 526 1514 17,
553 1454 608 1512 5.
655 1453 825 1507 Huius
848 1472 969 1522 erqo
991 1460 1074 1514 rei
1092 1459 1317 1508 cedentis
1338 1459 1390 1506 in
1411 1461 1657 1507 saeculum
1678 1458 1745 1507 M.

433 1519 508 1571 ib.
535 1524 566 1583 S
590 1520 641 1579 6.
689 1530 743 1572 ut
759 1527 924 1588 primo
949 1526 1022 1573 ad
1040 1525 1413 1589 eonsequendos
1438 1540 1690 1590 quosque
1711 1527 1915 1588 priores
1938 1526 2159 1592 ducimur
2181 1532 2369 1592 atque

301 1592 618 1640 accendimur
639 1616 722 1640 ·-.
771 1593 844 1639 Ita
867 1592 1182 1641 scribendum
1203 1592 1424 1648 videtur,
1460 1598 1722 1656 propterea
1755 1591 1890 1654 quod
1920 1592 1971 1640 in
2004 1591 2095 1640 hac
2118 1607 2171 1641 re
2203 1594 2369 1642 nullus

302 1664 377 1707 est
401 1657 624 1721 opinioni
647 1657 812 1715 loeus,
840 1673 933 1707 nec
953 1660 1145 1723 priores
1170 1657 1422 1715 ducimus,
1451 1659 1535 1721 qui
1557 1660 1748 1723 priores
1773 1659 1905 1708 sunt.
1953 1659 2012 1707 Η.
2050 1677 2056 1684 ·

433 1722 509 1773 ib.
561 1726 755 1790 aliquid
774 1729 826 1775 in
860 1742 954 1791 quo
989 1729 1228 1775 niteamus
1262 1725 1607 1791 conquir-imm.
1656 1726 1725 1774 ita
1749 1733 1796 1773 et
1820 1723 1911 1789 ego
1937 1740 1981 1773 a.
2012 1723 2140 1774 1828
2164 1727 2366 1785 conieci,

303 1798 350 1840 et
373 1805 418 1841 a.
447 1790 577 1841 1837
602 1791 826 1841 Halmius
853 1801 901 1841 et
925 1807 1058 1841 nuno
1080 1792 1409 1855 BernaysiuS,
1448 1792 1593 1840 sicuti
1617 1792 1735 1840 olim
1757 1791 1990 1841 Heinsius
2015 1797 2301 1842 eniteamus.

432 1856 531 1917 18,
557 1855 606 1912 1.
651 1859 884 1921 pluribus
907 1861 1072 1907 artis
1097 1862 1524 1923 eloquentiaeque
1560 1874 1704 1923 quam
1726 1863 1959 1908 universa
1985 1860 2224 1916 Graecia,
2253 1874 2372 1926 ope-

300 1924 440 1974 ribus
459 1926 631 1988 floruit
656 1926 784 1973 coni.
810 1925 869 1973 H.
895 1925 1019 1973 Keil.
1060 1923 1204 1975 1843.
1243 1926 1295 1974 in
1333 1924 1459 1973 thesi
1482 1921 1596 1974 XII.
1635 1926 1855 1977 subiecta
1878 1926 2151 1977 Observatt.
2190 1928 2293 1976 crit.
2319 1928 2371 1975 in

230 2005 233 2008 ’
301 1993 396 2041 Pro
437 2000 524 2039 ert.
2305 2003 2312 2008 ·

398 2007 504 2118 Ιῗ18
520 2094 532 2115 ,
560 2053 616 2112 2.
666 2060 1001 2107 eoeistimutum
1022 2058 1269 2123 urbesque
1292 2064 1344 2107 et
1365 2063 1416 2107 in
1441 2058 1600 2109 Italia
1622 2063 1793 2109 talium
1813 2062 2085 2118 studiorum
2102 2060 2252 2124 fuere
2273 2066 2372 2111 ste-

302 2129 438 2176 riles.
489 2125 604 2173 Nisi
634 2124 826 2174 Thebas
859 2139 1002 2174 unum
1033 2140 1090 2174 os
1114 2126 1335 2174 Pindari
1365 2127 1678 2175 inluminaret
1714 2125 1849 2190 (nam
1871 2127 2117 2175 Alcmana
2139 2128 2375 2176 Lacones

299 2194 432 2255 falso
456 2190 555 2240 sibi
573 2192 840 2248 vindicant,
842 2190 867 2254 )
892 2226 1070 2240 .....
1095 2200 1150 2240 ut
1175 2192 1302 2240 desit
1325 2187 1558 2257 apodosis
1584 2206 1682 2256 qua
1705 2192 1884 2242 dixerit
1907 2192 2128 2243 Velleius
2152 2194 2374 2244 futurum

304 2259 486 2315 fuisse,
514 2265 571 2305 ut
595 2259 818 2316 civitates
843 2258 957 2307 illae
980 2260 1115 2308 omni
1139 2259 1411 2307 litterarum
1434 2260 1581 2309 laude
1605 2268 1842 2309 carerent.
1891 2261 1956 2309 M.

437 2322 594 2376 mb.
622 2323 735 2384 II,
768 2322 827 2380 1,
855 2322 910 2381 5.
970 2326 1256 2375 Assentitur
1290 2324 1411 2374 mihi
1443 2326 1510 2376 M.
1548 2326 1613 2376 ad
1643 2341 1793 2376 voees
1827 2343 1926 2377 non
1958 2329 2238 2376 recusando
2272 2341 2374 2377 non

300 2408 515 2457 poenam
540 2408 631 2441 neo
655 2392 790 2441 aliud
814 2392 1086 2456 quidquam
1108 2393 1393 2442 addendum
1419 2408 1555 2451 esse3
1582 2394 1767 2443 scilicet
1789 2393 2091 2458 intellegitur
2112 2394 2373 2442 Mancinus

307 2475 402 2528 nou
429 2475 689 2524 recusasse
712 2461 764 2509 id
787 2474 849 2507 ne
872 2459 1028 2518 fieret,
1056 2460 1192 2523 quod
1213 2460 1514 2509 factum'est.
1568 2461 1793 2511 Ceterum
1822 2460 1885 2509 cf.
1912 2462 2025 2509 Tae.
2052 2462 2185 2509 Anu.
2213 2461 2273 2516 ΙΙ,
2289 2460 2372 2510 22.

303 2529 377 2577 illi
396 2529 649 2605 supplices
672 2527 794 2575 nihil
814 2526 1285 2577 abnuendorveniam
1307 2531 1512 2577 omnium
1536 2543 1796 2591 accepere.

480 2594 569 2643 1b.-
608 2594 852 2653 Quoniam
875 2594 998 2643 miro
1023 2607 1144 2643 sane
1177 2594 1325 2643 modo
1361 2593 1607 2644 Samnites
1643 2595 1727 2657 qui
1760 2594 1825 2646 ad
1859 2594 2098 2645 Caudium
2122 2592 2375 2644 Romanos

304 2663 444 2725 gravi
468 2662 711 2711 dedecore
733 2661 1031 2713 affecerunt.
1071 2661 1277 2711 Caudini
1300 2660 1636 2726 appellantur,
1673 2661 1861 2710 mavult
1885 2676 1948 2709 ex
1971 2660 2375 2712 antecedentibus

307 2727 474 2778 hostes
498 2728 783 2793 intellegere
798 2735 855 2777 'et
883 2728 1044 2778 Caudi
1063 2729 1276 2778 scribere
1298 2729 1364 2777 M.
1988 2737 1992 2744 ·

437 2792 493 2853 2,
520 2792 575 2851 2.
620 2799 950 2858 promulgatis
973 2798 1197 2859 agrariis
1217 2795 1411 2858 leqibus
1432 2810 1599 2845 omne
1634 2797 1728 2844 ius
1748 2795 1855 2858 fas
1870 2809 1983 2859 que
2018 2800 2376 2846 concutien-

306 2861 396 2911 tib
411 2878 503 2920 us,
527 2877 711 2911 summa
736 2865 842 2911 inuis
864 2865 1072 2912 miscuit.
1106 2855 1176 2910 ‘B.
1225 2862 1444 2911 omnibus
1466 2867 1566 2914 tum
1588 2861 2060 2927 conquiescentibus.
2107 2863 2173 2911 Μ.

439 2928 499 2986 3,
527 2925 583 2984 2.
642 2929 758 2978 Tum
789 2931 978 2992 optima
1008 2935 1213 2978 senatus
1248 2935 1397 2994 atque
1442 2931 1691 2994 equestris
1734 2930 1927 2993 ordinis
1954 2944 2086 2992 pars
2119 2933 2292 2978 melior
2325 2936 2377 2990 et

307 2993 481 3047 maior.
506 2997 573 3045 Μ.
631 2997 748 3045 Tum
773 2992 1076 3060 [optimates]
1099 3002 1302 3045 senatus
1327 3010 1495 3061 aeque
1521 3001 1582 3044 et
1606 2998 1851 3061 equestris
1876 2998 1987 3044 ord.
2014 2997 2072 3044 H.
2254 3057 2258 3061 1

362 3109 365 3116 ,
440 3061 493 3120 5,
521 3059 576 3118 2.
625 3079 725 3113 non
748 3064 1021 3112 deterritus
1043 3069 1119 3112 est
1140 3065 1423 3126 proposito.
1471 3061 1863 3112 Perseverantia
1885 3063 2023 3112 ducis
2046 3077 2185 3127 quem
2206 3088 2289 3109 —-.
2317 3059 2373 3111 B.

350 3164 360 3174 .
442 3126 474 3186 6
489 3167 501 3187 ,
529 3125 584 3183 2.
634 3147 738 3179 eum
758 3146 941 3179 summa
965 3132 1126 3194 quiete
1150 3132 1449 3179 unanimis
1472 3131 1687 3179 civitatis
1706 3135 1948 3193 princeps
1970 3144 2079 3177 esse
2098 3135 2292 3191 posset.
2321 3127 2373 3177 Β.

505 3193 580 3245 ib.
629 3200 772 3260 ionae
805 3200 1002 3246 maiore
1036 3203 1177 3246 arte
1203 3198 1420 3261 priora
1441 3202 1693 3260 repetens.
1719 3193 1776 3244 B.

443 3261 501 3320 7,
530 3262 582 3321 3.
629 3263 726 3314 Rei
760 3270 931 3313 tantae
949 3279 1132 3332 parum
1165 3266 1236 3313 ad
1265 3265 1489 3316 notitiam
1556 3265 1778 3312 ertinens
1811 3267 2162 3325 interponatur
2193 3261 2375 3311 haee:

309 3330 389 3381 hie
419 3339 497 3381 est
533 3331 750 3396 Opimius
772 3356 854 3379 -—-.
904 3331 1000 3381 nisi
1033 3331 1187 3380 haec
1221 3327 1455 3390 addatur,
1527 3341 1671 3380 urum
1706 3331 1797 3379 erit
1830 3343 1933 3392 rem
1964 3328 2274 3393 intellegere3
2309 3326 2374 3377 cf.
