<?xml version="1.0" encoding="UTF-8"?>
<!DOCTYPE html PUBLIC "-//W3C//DTD XHTML 1.0 Transitional//EN"
    "http://www.w3.org/TR/xhtml1/DTD/xhtml1-transitional.dtd">
<html xmlns="http://www.w3.org/1999/xhtml" xml:lang="en" lang="en">
 <head>
  <title>
</title>
<meta http-equiv="Content-Type" content="text/html;charset=utf-8" />
  <meta name='ocr-system' content='tesseract 3.04.00' />
  <meta name='ocr-capabilities' content='ocr_page ocr_carea ocr_par ocr_line ocrx_word'/>
</head>
<body>
  <div class='ocr_page' id='page_1' title='image "./mvelleipatercul01haasgoog/mvelleipatercul01haasgoog_0014.png"; bbox 0 0 2634 3909; ppageno 0'>
   <div class='ocr_carea' id='block_1_1' title="bbox 308 185 1825 270">
    <p class='ocr_par' dir='ltr' id='par_1_1' title="bbox 308 185 1825 270">
     <span class='ocr_line' id='line_1_1' title="bbox 308 185 1825 270; baseline 0.007 -10"><span class='ocrx_word' id='word_1_1' title='bbox 308 208 356 246; x_wconf 33' lang='grc' dir='ltr'><strong>,Χ</strong></span> <span class='ocrx_word' id='word_1_2' title='bbox 712 185 715 188; x_wconf 60' lang='grc'><strong>’</strong></span> <span class='ocrx_word' id='word_1_3' title='bbox 843 219 1037 269; x_wconf 66' lang='grc' dir='ltr'>ΕΒΗ)</span> <span class='ocrx_word' id='word_1_4' title='bbox 1072 217 1340 269; x_wconf 80' lang='lat' dir='ltr'><strong>HAAsn</strong></span> <span class='ocrx_word' id='word_1_5' title='bbox 1371 220 1465 269; x_wconf 76' lang='lat' dir='ltr'><strong>pn</strong></span> <span class='ocrx_word' id='word_1_6' title='bbox 1479 219 1825 270; x_wconf 70' lang='lat' dir='ltr'><strong>AEFA‘rIo.</strong></span> 
     </span>
    </p>
   </div>
   <div class='ocr_carea' id='block_1_2' title="bbox 301 350 2373 3165">
    <p class='ocr_par' dir='ltr' id='par_1_2' title="bbox 302 350 2362 472">
     <span class='ocr_line' id='line_1_2' title="bbox 434 350 2362 432; baseline -0.004 -20"><span class='ocrx_word' id='word_1_7' title='bbox 434 350 533 413; x_wconf 74' lang='lat'><strong>32,</strong></span> <span class='ocrx_word' id='word_1_8' title='bbox 559 353 614 408; x_wconf 92' lang='lat'>4</span> <span class='ocrx_word' id='word_1_9' title='bbox 658 352 1045 417; x_wconf 77' lang='lat' dir='ltr'><strong>praedonesque</strong></span> <span class='ocrx_word' id='word_1_10' title='bbox 1087 358 1282 416; x_wconf 79' lang='lat' dir='ltr'><strong>saepe</strong></span> <span class='ocrx_word' id='word_1_11' title='bbox 1328 358 1522 402; x_wconf 86' lang='lat' dir='ltr'><strong>antea</strong></span> <span class='ocrx_word' id='word_1_12' title='bbox 1564 355 1726 402; x_wconf 75' lang='lat' dir='ltr'><strong>multis</strong></span> <span class='ocrx_word' id='word_1_13' title='bbox 1766 356 1910 411; x_wconf 74' lang='grc' dir='ltr'><strong>ἱοοίε,</strong></span> <span class='ocrx_word' id='word_1_14' title='bbox 1962 353 2038 402; x_wconf 88' lang='lat' dir='ltr'><strong>vel</strong></span> <span class='ocrx_word' id='word_1_15' title='bbox 2072 360 2267 422; x_wconf 82' lang='lat' dir='ltr'><strong>antea</strong></span> <span class='ocrx_word' id='word_1_16' title='bbox 2300 367 2362 432; x_wconf 80' lang='lat' dir='ltr'><strong>ac</strong></span> 
     </span>
     <span class='ocr_line' id='line_1_3' title="bbox 302 419 732 472; baseline -0.005 -1"><span class='ocrx_word' id='word_1_17' title='bbox 302 426 462 472; x_wconf 75' lang='lat' dir='ltr'><strong>multis·</strong></span> <span class='ocrx_word' id='word_1_18' title='bbox 483 425 619 471; x_wconf 83' lang='lat' dir='ltr'><strong>locis.</strong></span> <span class='ocrx_word' id='word_1_19' title='bbox 664 419 732 469; x_wconf 89' lang='lat' dir='ltr'><strong>M.</strong></span> 
     </span>
    </p>

    <p class='ocr_par' dir='ltr' id='par_1_3' title="bbox 433 485 1661 550">
     <span class='ocr_line' id='line_1_4' title="bbox 433 485 1661 550; baseline -0.008 -5"><span class='ocrx_word' id='word_1_20' title='bbox 433 485 533 545; x_wconf 86' lang='grc'><strong>33,</strong></span> <span class='ocrx_word' id='word_1_21' title='bbox 558 485 607 542; x_wconf 88' lang='lat'><strong>1-</strong></span> <span class='ocrx_word' id='word_1_22' title='bbox 647 487 894 550; x_wconf 80' lang='lat' dir='ltr'><strong>pecuniae</strong></span> <span class='ocrx_word' id='word_1_23' title='bbox 923 485 1287 549; x_wconf 78' lang='lat' dir='ltr'><strong>polluebatur</strong></span> <span class='ocrx_word' id='word_1_24' title='bbox 1308 488 1557 550; x_wconf 83' lang='lat' dir='ltr'><strong>cupidine.</strong></span> <span class='ocrx_word' id='word_1_25' title='bbox 1603 486 1661 536; x_wconf 89' lang='lat' dir='ltr'><strong>B.</strong></span> 
     </span>
    </p>

    <p class='ocr_par' dir='ltr' id='par_1_4' title="bbox 301 503 2365 1218">
     <span class='ocr_line' id='line_1_5' title="bbox 434 503 2359 619; baseline -0.005 -7"><span class='ocrx_word' id='word_1_26' title='bbox 434 503 710 614; x_wconf 83' lang='grc'><strong>37,1-4</strong></span> <span class='ocrx_word' id='word_1_27' title='bbox 758 552 869 602; x_wconf 87' lang='lat' dir='ltr'><strong>Non</strong></span> <span class='ocrx_word' id='word_1_28' title='bbox 895 553 1049 602; x_wconf 89' lang='lat' dir='ltr'><strong>credo</strong></span> <span class='ocrx_word' id='word_1_29' title='bbox 1089 553 1292 602; x_wconf 80' lang='lat' dir='ltr'><strong>dubium</strong></span> <span class='ocrx_word' id='word_1_30' title='bbox 1331 570 1441 603; x_wconf 86' lang='lat' dir='ltr'><strong>esse</strong></span> <span class='ocrx_word' id='word_1_31' title='bbox 1476 553 1595 617; x_wconf 81' lang='lat' dir='ltr'><strong>‘quin</strong></span> <span class='ocrx_word' id='word_1_32' title='bbox 1628 559 1787 603; x_wconf 88' lang='lat' dir='ltr'><strong>totum</strong></span> <span class='ocrx_word' id='word_1_33' title='bbox 1817 551 1914 603; x_wconf 91' lang='lat' dir='ltr'><strong>hoc</strong></span> <span class='ocrx_word' id='word_1_34' title='bbox 1947 547 2092 619; x_wconf 84' lang='lat' dir='ltr'><strong>caput</strong></span> <span class='ocrx_word' id='word_1_35' title='bbox 2126 555 2233 603; x_wconf 86' lang='lat' dir='ltr'><strong>loco</strong></span> <span class='ocrx_word' id='word_1_36' title='bbox 2268 569 2359 603; x_wconf 91' lang='lat' dir='ltr'><strong>suo</strong></span> 
     </span>
     <span class='ocr_line' id='line_1_6' title="bbox 301 619 2358 685; baseline 0 -16"><span class='ocrx_word' id='word_1_37' title='bbox 301 628 488 671; x_wconf 85' lang='lat' dir='ltr'><strong>motum</strong></span> <span class='ocrx_word' id='word_1_38' title='bbox 512 622 576 670; x_wconf 85' lang='lat' dir='ltr'><strong>sit</strong></span> <span class='ocrx_word' id='word_1_39' title='bbox 600 627 647 669; x_wconf 84' lang='lat' dir='ltr'><strong>et</strong></span> <span class='ocrx_word' id='word_1_40' title='bbox 668 620 970 668; x_wconf 78' lang='lat' dir='ltr'><strong>reiciendum</strong></span> <span class='ocrx_word' id='word_1_41' title='bbox 992 627 1108 684; x_wconf 86' lang='lat' dir='ltr'><strong>post</strong></span> <span class='ocrx_word' id='word_1_42' title='bbox 1132 633 1239 685; x_wconf 84' lang='lat' dir='ltr'><strong>cap.</strong></span> <span class='ocrx_word' id='word_1_43' title='bbox 1267 619 1357 679; x_wconf 81' lang='lat'><strong>393</strong></span> <span class='ocrx_word' id='word_1_44' title='bbox 1394 622 1538 670; x_wconf 87' lang='lat' dir='ltr'><strong>nimis</strong></span> <span class='ocrx_word' id='word_1_45' title='bbox 1574 621 1707 670; x_wconf 91' lang='lat' dir='ltr'><strong>enim</strong></span> <span class='ocrx_word' id='word_1_46' title='bbox 1737 621 2007 671; x_wconf 86' lang='lat' dir='ltr'><strong>absurdum</strong></span> <span class='ocrx_word' id='word_1_47' title='bbox 2030 628 2106 670; x_wconf 89' lang='lat' dir='ltr'><strong>est</strong></span> <span class='ocrx_word' id='word_1_48' title='bbox 2125 620 2181 672; x_wconf 85' lang='lat' dir='ltr'><strong>id</strong></span> <span class='ocrx_word' id='word_1_49' title='bbox 2203 621 2358 670; x_wconf 83' lang='lat' dir='ltr'><strong>divel-</strong></span> 
     </span>
     <span class='ocr_line' id='line_1_7' title="bbox 303 680 2363 768; baseline -0 -31"><span class='ocrx_word' id='word_1_50' title='bbox 303 689 404 737; x_wconf 87' lang='lat' dir='ltr'><strong>lere</strong></span> <span class='ocrx_word' id='word_1_51' title='bbox 424 703 455 737; x_wconf 83' lang='lat' dir='ltr'><strong>a</strong></span> <span class='ocrx_word' id='word_1_52' title='bbox 476 703 581 768; x_wconf 80' lang='lat' dir='ltr'><strong>cap.</strong></span> <span class='ocrx_word' id='word_1_53' title='bbox 607 684 690 735; x_wconf 89' lang='lat'><strong>40.</strong></span> <span class='ocrx_word' id='word_1_54' title='bbox 718 693 766 735; x_wconf 85' lang='lat' dir='ltr'><strong>et</strong></span> <span class='ocrx_word' id='word_1_55' title='bbox 785 688 855 735; x_wconf 85' lang='lat' dir='ltr'><strong>ita</strong></span> <span class='ocrx_word' id='word_1_56' title='bbox 878 686 1129 736; x_wconf 87' lang='lat' dir='ltr'><strong>divulsum</strong></span> <span class='ocrx_word' id='word_1_57' title='bbox 1160 688 1475 752; x_wconf 79' lang='lat' dir='ltr'>interponere</span> <span class='ocrx_word' id='word_1_58' title='bbox 1496 689 1624 737; x_wconf 86' lang='lat' dir='ltr'><strong>inter</strong></span> <span class='ocrx_word' id='word_1_59' title='bbox 1647 687 1747 737; x_wconf 90' lang='lat' dir='ltr'><strong>duo</strong></span> <span class='ocrx_word' id='word_1_60' title='bbox 1778 680 2023 752; x_wconf 77' lang='lat' dir='ltr'><strong>episodja,</strong></span> <span class='ocrx_word' id='word_1_61' title='bbox 2075 702 2201 750; x_wconf 84' lang='lat' dir='ltr'><strong>qnae</strong></span> <span class='ocrx_word' id='word_1_62' title='bbox 2234 687 2363 737; x_wconf 87' lang='lat' dir='ltr'><strong>inter</strong></span> 
     </span>
     <span class='ocr_line' id='line_1_8' title="bbox 304 753 2359 818; baseline -0 -14"><span class='ocrx_word' id='word_1_63' title='bbox 304 757 360 804; x_wconf 78' lang='lat' dir='ltr'><strong>se</strong></span> <span class='ocrx_word' id='word_1_64' title='bbox 383 756 644 804; x_wconf 85' lang='lat' dir='ltr'><strong>coniuncta</strong></span> <span class='ocrx_word' id='word_1_65' title='bbox 665 753 824 802; x_wconf 83' lang='lat' dir='ltr'><strong>fuisse</strong></span> <span class='ocrx_word' id='word_1_66' title='bbox 856 768 956 802; x_wconf 92' lang='lat' dir='ltr'><strong>non</strong></span> <span class='ocrx_word' id='word_1_67' title='bbox 989 755 1153 803; x_wconf 88' lang='lat' dir='ltr'><strong>minus</strong></span> <span class='ocrx_word' id='word_1_68' title='bbox 1187 762 1572 803; x_wconf 82' lang='lat' dir='ltr'><strong>consentaneum</strong></span> <span class='ocrx_word' id='word_1_69' title='bbox 1602 762 1676 803; x_wconf 85' lang='lat' dir='ltr'><strong>est</strong></span> <span class='ocrx_word' id='word_1_70' title='bbox 1700 769 1846 817; x_wconf 85' lang='lat' dir='ltr'><strong>quam</strong></span> <span class='ocrx_word' id='word_1_71' title='bbox 1870 768 1997 817; x_wconf 84' lang='lat' dir='ltr'><strong>quae</strong></span> <span class='ocrx_word' id='word_1_72' title='bbox 2019 754 2253 818; x_wconf 82' lang='lat' dir='ltr'><strong>leguntur</strong></span> <span class='ocrx_word' id='word_1_73' title='bbox 2274 755 2359 804; x_wconf 88' lang='lat' dir='ltr'><strong>lib.</strong></span> 
     </span>
     <span class='ocr_line' id='line_1_9' title="bbox 303 819 2357 883; baseline -0.001 -12"><span class='ocrx_word' id='word_1_74' title='bbox 303 823 343 879; x_wconf 83' lang='grc' dir='ltr'><strong>Ι,</strong></span> <span class='ocrx_word' id='word_1_75' title='bbox 369 819 639 870; x_wconf 81' lang='lat' dir='ltr'><strong>c.14—18.</strong></span> <span class='ocrx_word' id='word_1_76' title='bbox 687 820 762 868; x_wconf 88' lang='lat' dir='ltr'><strong>Ac</strong></span> <span class='ocrx_word' id='word_1_77' title='bbox 783 820 827 869; x_wconf 86' lang='lat' dir='ltr'><strong>si</strong></span> <span class='ocrx_word' id='word_1_78' title='bbox 850 821 961 883; x_wconf 88' lang='lat' dir='ltr'><strong>quis</strong></span> <span class='ocrx_word' id='word_1_79' title='bbox 985 819 1401 883; x_wconf 83' lang='lat' dir='ltr'><strong>quemadmodum</strong></span> <span class='ocrx_word' id='word_1_80' title='bbox 1423 820 1630 869; x_wconf 82' lang='lat' dir='ltr'><strong>alterum</strong></span> <span class='ocrx_word' id='word_1_81' title='bbox 1652 821 1799 879; x_wconf 82' lang='lat' dir='ltr'><strong>illud,</strong></span> <span class='ocrx_word' id='word_1_82' title='bbox 1834 821 1968 883; x_wconf 87' lang='lat' dir='ltr'><strong>quod</strong></span> <span class='ocrx_word' id='word_1_83' title='bbox 1993 829 2067 870; x_wconf 83' lang='lat' dir='ltr'><strong>est</strong></span> <span class='ocrx_word' id='word_1_84' title='bbox 2089 821 2151 870; x_wconf 89' lang='lat' dir='ltr'><strong>de</strong></span> <span class='ocrx_word' id='word_1_85' title='bbox 2174 820 2357 869; x_wconf 84' lang='lat' dir='ltr'><strong>littera·</strong></span> 
     </span>
     <span class='ocr_line' id='line_1_10' title="bbox 302 887 2363 966; baseline -0.001 -29"><span class='ocrx_word' id='word_1_86' title='bbox 302 903 412 937; x_wconf 88' lang='lat' dir='ltr'><strong>rum</strong></span> <span class='ocrx_word' id='word_1_87' title='bbox 436 888 579 945; x_wconf 86' lang='lat' dir='ltr'><strong>flore,</strong></span> <span class='ocrx_word' id='word_1_88' title='bbox 604 887 841 966; x_wconf 87' lang='lat' dir='ltr'><strong>inprimis</strong></span> <span class='ocrx_word' id='word_1_89' title='bbox 865 888 1095 935; x_wconf 85' lang='lat' dir='ltr'><strong>convenit</strong></span> <span class='ocrx_word' id='word_1_90' title='bbox 1121 887 1369 940; x_wconf 81' lang='lat' dir='ltr'><strong>Ciceronis</strong></span> <span class='ocrx_word' id='word_1_91' title='bbox 1395 888 1607 946; x_wconf 87' lang='lat' dir='ltr'><strong>nomini,</strong></span> <span class='ocrx_word' id='word_1_92' title='bbox 1643 887 1711 935; x_wconf 85' lang='lat' dir='ltr'><strong>ita</strong></span> <span class='ocrx_word' id='word_1_93' title='bbox 1742 888 1950 936; x_wconf 86' lang='lat' dir='ltr'><strong>alterum</strong></span> <span class='ocrx_word' id='word_1_94' title='bbox 1972 887 2091 946; x_wconf 88' lang='lat' dir='ltr'><strong>hoc,</strong></span> <span class='ocrx_word' id='word_1_95' title='bbox 2128 888 2264 950; x_wconf 87' lang='lat' dir='ltr'><strong>quod</strong></span> <span class='ocrx_word' id='word_1_96' title='bbox 2287 895 2363 937; x_wconf 84' lang='lat' dir='ltr'><strong>est</strong></span> 
     </span>
     <span class='ocr_line' id='line_1_11' title="bbox 303 953 2364 1034; baseline -0.001 -30"><span class='ocrx_word' id='word_1_97' title='bbox 303 956 368 1004; x_wconf 89' lang='lat' dir='ltr'><strong>de</strong></span> <span class='ocrx_word' id='word_1_98' title='bbox 397 955 689 1034; x_wconf 78' lang='lat' dir='ltr'><strong>provinciiS,</strong></span> <span class='ocrx_word' id='word_1_99' title='bbox 725 968 882 1016; x_wconf 83' lang='lat' dir='ltr'><strong>aeque</strong></span> <span class='ocrx_word' id='word_1_100' title='bbox 914 961 1046 1002; x_wconf 84' lang='lat' dir='ltr'><strong>recte</strong></span> <span class='ocrx_word' id='word_1_101' title='bbox 1081 961 1129 1002; x_wconf 84' lang='lat' dir='ltr'><strong>et</strong></span> <span class='ocrx_word' id='word_1_102' title='bbox 1162 953 1420 1002; x_wconf 80' lang='lat' dir='ltr'><strong>commode</strong></span> <span class='ocrx_word' id='word_1_103' title='bbox 1451 960 1635 1002; x_wconf 79' lang='lat' dir='ltr'><strong>statuat</strong></span> <span class='ocrx_word' id='word_1_104' title='bbox 1656 953 1879 1018; x_wconf 88' lang='lat' dir='ltr'><strong>Pompeii</strong></span> <span class='ocrx_word' id='word_1_105' title='bbox 1910 955 2059 1005; x_wconf 86' lang='lat' dir='ltr'><strong>rebus</strong></span> <span class='ocrx_word' id='word_1_106' title='bbox 2087 955 2141 1003; x_wconf 89' lang='lat' dir='ltr'><strong>in</strong></span> <span class='ocrx_word' id='word_1_107' title='bbox 2176 955 2364 1003; x_wconf 86' lang='lat' dir='ltr'><strong>oriente</strong></span> 
     </span>
     <span class='ocr_line' id='line_1_12' title="bbox 303 1019 2365 1092; baseline -0 -21"><span class='ocrx_word' id='word_1_108' title='bbox 303 1023 458 1092; x_wconf 83' lang='lat' dir='ltr'><strong>gestis</strong></span> <span class='ocrx_word' id='word_1_109' title='bbox 492 1020 749 1083; x_wconf 84' lang='lat' dir='ltr'><strong>subiungi,</strong></span> <span class='ocrx_word' id='word_1_110' title='bbox 799 1029 928 1068; x_wconf 88' lang='lat' dir='ltr'><strong>certe</strong></span> <span class='ocrx_word' id='word_1_111' title='bbox 959 1020 1013 1069; x_wconf 87' lang='lat' dir='ltr'><strong>id</strong></span> <span class='ocrx_word' id='word_1_112' title='bbox 1044 1019 1151 1068; x_wconf 88' lang='lat' dir='ltr'><strong>fleri</strong></span> <span class='ocrx_word' id='word_1_113' title='bbox 1184 1020 1351 1068; x_wconf 85' lang='lat' dir='ltr'><strong>debuit</strong></span> <span class='ocrx_word' id='word_1_114' title='bbox 1384 1034 1484 1068; x_wconf 90' lang='lat' dir='ltr'><strong>non</strong></span> <span class='ocrx_word' id='word_1_115' title='bbox 1518 1021 1645 1069; x_wconf 89' lang='lat' dir='ltr'><strong>inter</strong></span> <span class='ocrx_word' id='word_1_116' title='bbox 1677 1033 1785 1084; x_wconf 87' lang='lat' dir='ltr'><strong>cap.</strong></span> <span class='ocrx_word' id='word_1_117' title='bbox 1820 1019 1884 1070; x_wconf 92' lang='grc'><strong>37</strong></span> <span class='ocrx_word' id='word_1_118' title='bbox 1916 1028 1964 1069; x_wconf 86' lang='lat' dir='ltr'><strong>et</strong></span> <span class='ocrx_word' id='word_1_119' title='bbox 1986 1019 2077 1079; x_wconf 88' lang='grc'><strong>40,</strong></span> <span class='ocrx_word' id='word_1_120' title='bbox 2127 1020 2217 1070; x_wconf 87' lang='lat' dir='ltr'><strong>sed</strong></span> <span class='ocrx_word' id='word_1_121' title='bbox 2248 1027 2365 1085; x_wconf 84' lang='lat' dir='ltr'><strong>post</strong></span> 
     </span>
     <span class='ocr_line' id='line_1_13' title="bbox 305 1083 2363 1151; baseline 0 -14"><span class='ocrx_word' id='word_1_122' title='bbox 305 1105 347 1137; x_wconf 89' lang='lat' dir='ltr'><strong>c.</strong></span> <span class='ocrx_word' id='word_1_123' title='bbox 371 1083 454 1137; x_wconf 91' lang='grc'><strong>40.</strong></span> <span class='ocrx_word' id='word_1_124' title='bbox 492 1102 584 1137; x_wconf 92' lang='lat' dir='ltr'><strong>nec</strong></span> <span class='ocrx_word' id='word_1_125' title='bbox 613 1099 732 1135; x_wconf 84' lang='lat' dir='ltr'><strong>vero</strong></span> <span class='ocrx_word' id='word_1_126' title='bbox 764 1087 1021 1151; x_wconf 81' lang='lat' dir='ltr'><strong>praecipiti</strong></span> <span class='ocrx_word' id='word_1_127' title='bbox 1042 1086 1221 1135; x_wconf 78' lang='lat' dir='ltr'><strong>Velleii</strong></span> <span class='ocrx_word' id='word_1_128' title='bbox 1252 1086 1568 1135; x_wconf 85' lang='lat' dir='ltr'><strong>festinatione</strong></span> <span class='ocrx_word' id='word_1_129' title='bbox 1600 1087 1736 1135; x_wconf 84' lang='lat' dir='ltr'><strong>abuti</strong></span> <span class='ocrx_word' id='word_1_130' title='bbox 1759 1087 1871 1135; x_wconf 87' lang='lat' dir='ltr'><strong>licet</strong></span> <span class='ocrx_word' id='word_1_131' title='bbox 1894 1087 1956 1135; x_wconf 90' lang='lat' dir='ltr'><strong>ad</strong></span> <span class='ocrx_word' id='word_1_132' title='bbox 1983 1088 2099 1135; x_wconf 82' lang='lat' dir='ltr'><strong>vitia</strong></span> <span class='ocrx_word' id='word_1_133' title='bbox 2122 1088 2363 1137; x_wconf 84' lang='lat' dir='ltr'><strong>eiusmodi</strong></span> 
     </span>
     <span class='ocr_line' id='line_1_14' title="bbox 305 1152 2274 1218; baseline -0.002 -13"><span class='ocrx_word' id='word_1_134' title='bbox 305 1155 613 1212; x_wconf 82' lang='lat' dir='ltr'><strong>excusanda,</strong></span> <span class='ocrx_word' id='word_1_135' title='bbox 641 1168 795 1218; x_wconf 83' lang='lat' dir='ltr'><strong>quae</strong></span> <span class='ocrx_word' id='word_1_136' title='bbox 790 1154 869 1202; x_wconf 90' lang='lat' dir='ltr'><strong>vel</strong></span> <span class='ocrx_word' id='word_1_137' title='bbox 893 1154 1108 1202; x_wconf 82' lang='lat' dir='ltr'><strong>maxime</strong></span> <span class='ocrx_word' id='word_1_138' title='bbox 1131 1154 1448 1202; x_wconf 76' lang='lat' dir='ltr'><strong>festinantem</strong></span> <span class='ocrx_word' id='word_1_139' title='bbox 1471 1152 1643 1216; x_wconf 80' lang='lat' dir='ltr'><strong>fugere</strong></span> <span class='ocrx_word' id='word_1_140' title='bbox 1666 1167 1763 1202; x_wconf 87' lang='lat' dir='ltr'><strong>non</strong></span> <span class='ocrx_word' id='word_1_141' title='bbox 1790 1161 2074 1218; x_wconf 87' lang='lat' dir='ltr'><strong>potuerunt.</strong></span> <span class='ocrx_word' id='word_1_142' title='bbox 2099 1154 2159 1202; x_wconf 92' lang='grc' dir='ltr'><strong>Η.</strong></span> <span class='ocrx_word' id='word_1_143' title='bbox 2269 1189 2274 1194; x_wconf 77' lang='lat'><em>-</em></span> 
     </span>
    </p>

    <p class='ocr_par' dir='ltr' id='par_1_5' title="bbox 301 1209 2364 1349">
     <span class='ocr_line' id='line_1_15' title="bbox 435 1209 2364 1286; baseline 0.001 -17"><span class='ocrx_word' id='word_1_144' title='bbox 435 1218 529 1279; x_wconf 93' lang='lat'>38,</span> <span class='ocrx_word' id='word_1_145' title='bbox 554 1216 610 1275; x_wconf 89' lang='grc'><strong>2.</strong></span> <span class='ocrx_word' id='word_1_146' title='bbox 662 1209 907 1278; x_wconf 67' lang='lat' dir='ltr'><strong>Claudius,</strong></span> <span class='ocrx_word' id='word_1_147' title='bbox 932 1222 1045 1272; x_wconf 85' lang='lat' dir='ltr'><strong>sed</strong></span> <span class='ocrx_word' id='word_1_148' title='bbox 1059 1223 1382 1283; x_wconf 81' lang='lat' dir='ltr'><strong>provinciam,</strong></span> <span class='ocrx_word' id='word_1_149' title='bbox 1407 1228 1463 1268; x_wconf 87' lang='lat' dir='ltr'><strong>ut</strong></span> <span class='ocrx_word' id='word_1_150' title='bbox 1484 1222 1579 1269; x_wconf 84' lang='lat' dir='ltr'><strong>sed</strong></span> <span class='ocrx_word' id='word_1_151' title='bbox 1597 1233 1688 1286; x_wconf 88' lang='lat' dir='ltr'><strong>pro</strong></span> <span class='ocrx_word' id='word_1_152' title='bbox 1710 1220 1926 1284; x_wconf 44' lang='lat' dir='ltr'><strong>vulg2et</strong></span> <span class='ocrx_word' id='word_1_153' title='bbox 1948 1221 2202 1280; x_wconf 84' lang='lat' dir='ltr'><strong>scribatur,</strong></span> <span class='ocrx_word' id='word_1_154' title='bbox 2229 1219 2364 1283; x_wconf 85' lang='lat' dir='ltr'><strong>quod</strong></span> 
     </span>
     <span class='ocr_line' id='line_1_16' title="bbox 301 1286 1447 1349; baseline -0.001 -13"><span class='ocrx_word' id='word_1_155' title='bbox 301 1287 524 1338; x_wconf 83' lang='lat' dir='ltr'><strong>voluisse</strong></span> <span class='ocrx_word' id='word_1_156' title='bbox 544 1286 815 1344; x_wconf 89' lang='lat' dir='ltr'><strong>Velleium,</strong></span> <span class='ocrx_word' id='word_1_157' title='bbox 842 1287 1100 1349; x_wconf 81' lang='lat' dir='ltr'><strong>sequentia</strong></span> <span class='ocrx_word' id='word_1_158' title='bbox 1123 1286 1317 1334; x_wconf 88' lang='lat' dir='ltr'><strong>docent.</strong></span> <span class='ocrx_word' id='word_1_159' title='bbox 1366 1287 1447 1345; x_wconf 62' lang='lat' dir='ltr'><strong>M„</strong></span> 
     </span>
    </p>

    <p class='ocr_par' dir='ltr' id='par_1_6' title="bbox 302 1350 2367 1552">
     <span class='ocr_line' id='line_1_17' title="bbox 435 1350 2367 1418; baseline 0.001 -16"><span class='ocrx_word' id='word_1_160' title='bbox 435 1350 605 1412; x_wconf 83' lang='grc'><strong>39,1.</strong></span> <span class='ocrx_word' id='word_1_161' title='bbox 652 1354 908 1417; x_wconf 78' lang='lat' dir='ltr'><strong>infractae</strong></span> <span class='ocrx_word' id='word_1_162' title='bbox 954 1355 1221 1418; x_wconf 81' lang='lat' dir='ltr'><strong>denique</strong></span> <span class='ocrx_word' id='word_1_163' title='bbox 1264 1354 1396 1402; x_wconf 83' lang='lat' dir='ltr'><strong>idem</strong></span> <span class='ocrx_word' id='word_1_164' title='bbox 1439 1353 1574 1418; x_wconf 81' lang='lat' dir='ltr'><strong>quod</strong></span> <span class='ocrx_word' id='word_1_165' title='bbox 1602 1359 1734 1403; x_wconf 85' lang='lat' dir='ltr'><strong>totus</strong></span> <span class='ocrx_word' id='word_1_166' title='bbox 1765 1359 2016 1402; x_wconf 80' lang='lat' dir='ltr'><strong>terrarum</strong></span> <span class='ocrx_word' id='word_1_167' title='bbox 2060 1353 2198 1403; x_wconf 86' lang='lat' dir='ltr'><strong>orbis</strong></span> <span class='ocrx_word' id='word_1_168' title='bbox 2240 1353 2367 1403; x_wconf 82' lang='lat' dir='ltr'><strong>sibi</strong></span> 
     </span>
     <span class='ocr_line' id='line_1_18' title="bbox 303 1420 2362 1486; baseline 0 -17"><span class='ocrx_word' id='word_1_169' title='bbox 303 1436 510 1471; x_wconf 82' lang='lat' dir='ltr'><strong>novum</strong></span> <span class='ocrx_word' id='word_1_170' title='bbox 531 1420 794 1483; x_wconf 79' lang='lat' dir='ltr'><strong>conferunt</strong></span> <span class='ocrx_word' id='word_1_171' title='bbox 814 1421 1127 1483; x_wconf 78' lang='lat' dir='ltr'><strong>stipendium.</strong></span> <span class='ocrx_word' id='word_1_172' title='bbox 1176 1420 1240 1468; x_wconf 92' lang='lat' dir='ltr'><strong>M.</strong></span> <span class='ocrx_word' id='word_1_173' title='bbox 1286 1420 1541 1483; x_wconf 77' lang='lat' dir='ltr'><strong>infractae</strong></span> <span class='ocrx_word' id='word_1_174' title='bbox 1565 1436 1636 1471; x_wconf 87' lang='lat' dir='ltr'><strong>ac</strong></span> <span class='ocrx_word' id='word_1_175' title='bbox 1650 1425 1931 1484; x_wconf 80' lang='lat' dir='ltr'><strong>pacatae</strong></span> <span class='ocrx_word' id='word_1_176' title='bbox 1954 1421 2084 1469; x_wconf 83' lang='lat' dir='ltr'><strong>idem</strong></span> <span class='ocrx_word' id='word_1_177' title='bbox 2107 1421 2242 1486; x_wconf 79' lang='lat' dir='ltr'><strong>quod</strong></span> <span class='ocrx_word' id='word_1_178' title='bbox 2262 1426 2299 1469; x_wconf 83' lang='lat' dir='ltr'><strong>t.</strong></span> <span class='ocrx_word' id='word_1_179' title='bbox 2324 1426 2362 1469; x_wconf 80' lang='lat' dir='ltr'><strong>t.-</strong></span> 
     </span>
     <span class='ocr_line' id='line_1_19' title="bbox 302 1486 1443 1552; baseline -0.003 -14"><span class='ocrx_word' id='word_1_180' title='bbox 302 1504 353 1538; x_wconf 92' lang='grc' dir='ltr'><strong>ο.</strong></span> <span class='ocrx_word' id='word_1_181' title='bbox 376 1493 436 1537; x_wconf 85' lang='lat' dir='ltr'><strong>tn</strong></span> <span class='ocrx_word' id='word_1_182' title='bbox 461 1503 715 1552; x_wconf 81' lang='lat' dir='ltr'><strong>aequum</strong></span> <span class='ocrx_word' id='word_1_183' title='bbox 735 1486 1003 1548; x_wconf 75' lang='lat' dir='ltr'><strong>conferunt</strong></span> <span class='ocrx_word' id='word_1_184' title='bbox 1023 1488 1336 1549; x_wconf 73' lang='lat' dir='ltr'><strong>stipendium.</strong></span> <span class='ocrx_word' id='word_1_185' title='bbox 1383 1487 1443 1535; x_wconf 91' lang='lat' dir='ltr'><strong>H.</strong></span> 
     </span>
    </p>

    <p class='ocr_par' dir='ltr' id='par_1_7' title="bbox 435 1552 1662 1616">
     <span class='ocr_line' id='line_1_20' title="bbox 435 1552 1662 1616; baseline 0 -14"><span class='ocrx_word' id='word_1_186' title='bbox 435 1552 536 1612; x_wconf 85' lang='grc'><strong>40,</strong></span> <span class='ocrx_word' id='word_1_187' title='bbox 562 1552 615 1611; x_wconf 86' lang='grc'><strong>3.</strong></span> <span class='ocrx_word' id='word_1_188' title='bbox 661 1559 914 1603; x_wconf 82' lang='lat' dir='ltr'><strong>venturum</strong></span> <span class='ocrx_word' id='word_1_189' title='bbox 934 1555 987 1601; x_wconf 88' lang='lat' dir='ltr'><strong>in</strong></span> <span class='ocrx_word' id='word_1_190' title='bbox 1008 1552 1177 1602; x_wconf 85' lang='lat' dir='ltr'><strong>urbem</strong></span> <span class='ocrx_word' id='word_1_191' title='bbox 1200 1554 1562 1616; x_wconf 65' lang='lat' dir='ltr'><strong>adfirmat-ant.</strong></span> <span class='ocrx_word' id='word_1_192' title='bbox 1597 1553 1662 1603; x_wconf 92' lang='lat' dir='ltr'><strong>M.</strong></span> 
     </span>
    </p>

    <p class='ocr_par' dir='ltr' id='par_1_8' title="bbox 302 1618 2363 1806">
     <span class='ocr_line' id='line_1_21' title="bbox 435 1618 2363 1685; baseline -0.003 -9"><span class='ocrx_word' id='word_1_193' title='bbox 435 1618 536 1679; x_wconf 88' lang='grc'><strong>40,</strong></span> <span class='ocrx_word' id='word_1_194' title='bbox 561 1618 617 1675; x_wconf 88' lang='grc'><strong>4.</strong></span> <span class='ocrx_word' id='word_1_195' title='bbox 662 1620 769 1684; x_wconf 81' lang='lat' dir='ltr'><strong>Ego</strong></span> <span class='ocrx_word' id='word_1_196' title='bbox 804 1619 1025 1669; x_wconf 84' lang='lat' dir='ltr'><strong>diversas</strong></span> <span class='ocrx_word' id='word_1_197' title='bbox 1056 1619 1304 1669; x_wconf 89' lang='lat' dir='ltr'><strong>Velleium</strong></span> <span class='ocrx_word' id='word_1_198' title='bbox 1337 1634 1544 1670; x_wconf 85' lang='lat' dir='ltr'><strong>coronas</strong></span> <span class='ocrx_word' id='word_1_199' title='bbox 1590 1620 1810 1685; x_wconf 81' lang='lat' dir='ltr'><strong>intellegi</strong></span> <span class='ocrx_word' id='word_1_200' title='bbox 1855 1620 1983 1672; x_wconf 85' lang='lat' dir='ltr'><strong>velle</strong></span> <span class='ocrx_word' id='word_1_201' title='bbox 2013 1629 2164 1670; x_wconf 84' lang='lat' dir='ltr'><strong>-ratus</strong></span> <span class='ocrx_word' id='word_1_202' title='bbox 2211 1621 2363 1671; x_wconf 83' lang='lat' dir='ltr'><strong>semel</strong></span> 
     </span>
     <span class='ocr_line' id='line_1_22' title="bbox 302 1685 2366 1753; baseline 0 -15"><span class='ocrx_word' id='word_1_203' title='bbox 302 1687 545 1746; x_wconf 82' lang='lat' dir='ltr'><strong>lauream,</strong></span> <span class='ocrx_word' id='word_1_204' title='bbox 571 1687 725 1736; x_wconf 86' lang='lat' dir='ltr'><strong>semel</strong></span> <span class='ocrx_word' id='word_1_205' title='bbox 749 1700 948 1736; x_wconf 80' lang='lat' dir='ltr'><strong>auream</strong></span> <span class='ocrx_word' id='word_1_206' title='bbox 971 1688 1174 1751; x_wconf 79' lang='lat' dir='ltr'><strong>scripsi3</strong></span> <span class='ocrx_word' id='word_1_207' title='bbox 1220 1686 1581 1752; x_wconf 82' lang='lat' dir='ltr'><strong>Borgliesium</strong></span> <span class='ocrx_word' id='word_1_208' title='bbox 1569 1703 1619 1736; x_wconf 86' lang='lat' dir='ltr'><strong>m</strong></span> <span class='ocrx_word' id='word_1_209' title='bbox 1644 1687 1877 1737; x_wconf 84' lang='lat' dir='ltr'><strong>Decadib.</strong></span> <span class='ocrx_word' id='word_1_210' title='bbox 1901 1685 1960 1747; x_wconf 88' lang='grc'><strong>9,</strong></span> <span class='ocrx_word' id='word_1_211' title='bbox 1986 1685 2044 1747; x_wconf 88' lang='grc'><strong>8,</strong></span> <span class='ocrx_word' id='word_1_212' title='bbox 2071 1703 2121 1753; x_wconf 92' lang='lat' dir='ltr'><strong>p.</strong></span> <span class='ocrx_word' id='word_1_213' title='bbox 2148 1687 2230 1738; x_wconf 87' lang='lat'><strong>41.</strong></span> <span class='ocrx_word' id='word_1_214' title='bbox 2280 1705 2366 1738; x_wconf 88' lang='lat' dir='ltr'><strong>au·</strong></span> 
     </span>
     <span class='ocr_line' id='line_1_23' title="bbox 302 1754 1297 1806; baseline -0.003 0"><span class='ocrx_word' id='word_1_215' title='bbox 302 1769 441 1806; x_wconf 83' lang='lat' dir='ltr'><strong>ream</strong></span> <span class='ocrx_word' id='word_1_216' title='bbox 462 1761 594 1805; x_wconf 84' lang='lat' dir='ltr'><strong>recte</strong></span> <span class='ocrx_word' id='word_1_217' title='bbox 617 1755 764 1805; x_wconf 87' lang='lat' dir='ltr'><strong>scribi</strong></span> <span class='ocrx_word' id='word_1_218' title='bbox 786 1754 1017 1804; x_wconf 81' lang='lat' dir='ltr'><strong>docuisse</strong></span> <span class='ocrx_word' id='word_1_219' title='bbox 1038 1760 1209 1803; x_wconf 85' lang='lat' dir='ltr'><strong>monet</strong></span> <span class='ocrx_word' id='word_1_220' title='bbox 1231 1754 1297 1803; x_wconf 90' lang='lat' dir='ltr'><strong>M.</strong></span> 
     </span>
    </p>

    <p class='ocr_par' dir='ltr' id='par_1_9' title="bbox 302 1817 2365 1939">
     <span class='ocr_line' id='line_1_24' title="bbox 319 1817 2365 1886; baseline -0.001 -15"><span class='ocrx_word' id='word_1_221' title='bbox 319 1825 324 1831; x_wconf 87' lang='grc'><strong>’</strong></span> <span class='ocrx_word' id='word_1_222' title='bbox 434 1818 522 1880; x_wconf 81' lang='lat'><strong>41,</strong></span> <span class='ocrx_word' id='word_1_223' title='bbox 548 1817 604 1877; x_wconf 97' lang='grc'><strong>2.</strong></span> <span class='ocrx_word' id='word_1_224' title='bbox 653 1827 704 1871; x_wconf 84' lang='lat' dir='ltr'><strong>et</strong></span> <span class='ocrx_word' id='word_1_225' title='bbox 727 1823 874 1886; x_wconf 81' lang='lat' dir='ltr'><strong>quod</strong></span> <span class='ocrx_word' id='word_1_226' title='bbox 881 1824 1282 1871; x_wconf 73' lang='lat' dir='ltr'><strong>monumentis</strong></span> <span class='ocrx_word' id='word_1_227' title='bbox 1304 1819 1675 1885; x_wconf 71' lang='lat' dir='ltr'><strong>antiquissimis</strong></span> <span class='ocrx_word' id='word_1_228' title='bbox 1696 1821 1974 1872; x_wconf 80' lang='lat' dir='ltr'><strong>constabat.</strong></span> <span class='ocrx_word' id='word_1_229' title='bbox 1995 1820 2056 1871; x_wconf 90' lang='lat' dir='ltr'><strong>B.</strong></span> <span class='ocrx_word' id='word_1_230' title='bbox 2086 1820 2221 1886; x_wconf 88' lang='lat' dir='ltr'><strong>quod</strong></span> <span class='ocrx_word' id='word_1_231' title='bbox 2241 1817 2365 1869; x_wconf 84' lang='lat' dir='ltr'><strong>mihi</strong></span> 
     </span>
     <span class='ocr_line' id='line_1_25' title="bbox 302 1887 866 1939; baseline -0.009 1"><span class='ocrx_word' id='word_1_232' title='bbox 302 1890 633 1939; x_wconf 83' lang='lat' dir='ltr'><strong>certissimum</strong></span> <span class='ocrx_word' id='word_1_233' title='bbox 653 1887 866 1937; x_wconf 84' lang='lat' dir='ltr'><strong>videtur.</strong></span> 
     </span>
    </p>

    <p class='ocr_par' dir='ltr' id='par_1_10' title="bbox 302 1949 2373 3074">
     <span class='ocr_line' id='line_1_26' title="bbox 436 1949 2373 2019; baseline 0 -17"><span class='ocrx_word' id='word_1_234' title='bbox 436 1951 540 2014; x_wconf 88' lang='grc'><strong>42,</strong></span> <span class='ocrx_word' id='word_1_235' title='bbox 567 1950 621 2009; x_wconf 94' lang='grc'><strong>2.</strong></span> <span class='ocrx_word' id='word_1_236' title='bbox 668 1954 819 2002; x_wconf 82' lang='lat' dir='ltr'><strong>Etsi</strong></span> <span class='ocrx_word' id='word_1_237' title='bbox 838 1960 1029 2017; x_wconf 76' lang='lat' dir='ltr'><strong>lonyum</strong></span> <span class='ocrx_word' id='word_1_238' title='bbox 1050 1958 1128 2003; x_wconf 87' lang='lat' dir='ltr'><strong>est</strong></span> <span class='ocrx_word' id='word_1_239' title='bbox 1149 1968 1385 2012; x_wconf 83' lang='lat' dir='ltr'><strong>narrare,</strong></span> <span class='ocrx_word' id='word_1_240' title='bbox 1391 1949 1530 2018; x_wconf 83' lang='lat' dir='ltr'><strong>quid</strong></span> <span class='ocrx_word' id='word_1_241' title='bbox 1551 1960 1604 2003; x_wconf 90' lang='lat' dir='ltr'><strong>et</strong></span> <span class='ocrx_word' id='word_1_242' title='bbox 1627 1956 1853 2019; x_wconf 76' lang='lat' dir='ltr'><strong>quotiens</strong></span> <span class='ocrx_word' id='word_1_243' title='bbox 1876 1970 2023 2004; x_wconf 90' lang='lat' dir='ltr'><strong>ausus</strong></span> <span class='ocrx_word' id='word_1_244' title='bbox 2046 1959 2136 2013; x_wconf 82' lang='lat' dir='ltr'><strong>sit,</strong></span> <span class='ocrx_word' id='word_1_245' title='bbox 2162 1960 2319 2003; x_wconf 86' lang='lat' dir='ltr'><strong>tame</strong></span> <span class='ocrx_word' id='word_1_246' title='bbox 2333 1970 2373 2008; x_wconf 76' lang='lat' dir='ltr'><strong>n,</strong></span> 
     </span>
     <span class='ocr_line' id='line_1_27' title="bbox 304 2019 2364 2088; baseline -0.001 -16"><span class='ocrx_word' id='word_1_247' title='bbox 304 2028 617 2088; x_wconf 78' lang='lat' dir='ltr'><strong>quantopere</strong></span> <span class='ocrx_word' id='word_1_248' title='bbox 646 2023 830 2071; x_wconf 88' lang='lat' dir='ltr'><strong>conata</strong></span> <span class='ocrx_word' id='word_1_249' title='bbox 860 2023 965 2069; x_wconf 84' lang='lat' dir='ltr'><strong>eius</strong></span> <span class='ocrx_word' id='word_1_250' title='bbox 989 2021 1075 2086; x_wconf 82' lang='lat' dir='ltr'><strong>qui</strong></span> <span class='ocrx_word' id='word_1_251' title='bbox 1105 2019 1359 2076; x_wconf 82' lang='lat' dir='ltr'><strong>obtinebat</strong></span> <span class='ocrx_word' id='word_1_252' title='bbox 1387 2021 1566 2074; x_wconf 82' lang='lat' dir='ltr'><strong>Asiam</strong></span> <span class='ocrx_word' id='word_1_253' title='bbox 1597 2021 1921 2085; x_wconf 72' lang='lat' dir='ltr'><strong>mayistratus</strong></span> <span class='ocrx_word' id='word_1_254' title='bbox 1936 2039 1990 2085; x_wconf 85' lang='lat' dir='ltr'><strong>p.</strong></span> <span class='ocrx_word' id='word_1_255' title='bbox 2015 2022 2077 2071; x_wconf 76' lang='lat' dir='ltr'><strong>R.</strong></span> <span class='ocrx_word' id='word_1_256' title='bbox 2112 2028 2244 2071; x_wconf 86' lang='lat' dir='ltr'><strong>motu</strong></span> <span class='ocrx_word' id='word_1_257' title='bbox 2274 2036 2364 2070; x_wconf 88' lang='lat' dir='ltr'><strong>suo</strong></span> 
     </span>
     <span class='ocr_line' id='line_1_28' title="bbox 304 2088 2042 2150; baseline -0.001 -11"><span class='ocrx_word' id='word_1_258' title='bbox 304 2090 609 2146; x_wconf 84' lang='lat' dir='ltr'><strong>destituerit,</strong></span> <span class='ocrx_word' id='word_1_259' title='bbox 634 2088 916 2150; x_wconf 83' lang='lat' dir='ltr'><strong>referatur,</strong></span> <span class='ocrx_word' id='word_1_260' title='bbox 953 2088 1285 2137; x_wconf 76' lang='lat' dir='ltr'><strong>documentum</strong></span> <span class='ocrx_word' id='word_1_261' title='bbox 1307 2093 1438 2136; x_wconf 85' lang='lat' dir='ltr'><strong>tanti</strong></span> <span class='ocrx_word' id='word_1_262' title='bbox 1457 2103 1576 2137; x_wconf 77' lang='lat' dir='ltr'><strong>mox</strong></span> <span class='ocrx_word' id='word_1_263' title='bbox 1600 2091 1801 2137; x_wconf 84' lang='lat' dir='ltr'><strong>evasuri</strong></span> <span class='ocrx_word' id='word_1_264' title='bbox 1810 2091 1929 2138; x_wconf 82' lang='lat' dir='ltr'><strong>viri.</strong></span> <span class='ocrx_word' id='word_1_265' title='bbox 1976 2089 2042 2138; x_wconf 93' lang='grc' dir='ltr'><strong>Μ.</strong></span> 
     </span>
     <span class='ocr_line' id='line_1_29' title="bbox 306 2149 2365 2224; baseline -0 -21"><span class='ocrx_word' id='word_1_266' title='bbox 306 2149 329 2177; x_wconf 53' lang='lat'>⁸</span> <span class='ocrx_word' id='word_1_267' title='bbox 435 2151 540 2213; x_wconf 90' lang='grc'><strong>42,</strong></span> <span class='ocrx_word' id='word_1_268' title='bbox 567 2151 621 2211; x_wconf 95' lang='grc'><strong>3.</strong></span> <span class='ocrx_word' id='word_1_269' title='bbox 666 2157 904 2217; x_wconf 78' lang='lat' dir='ltr'><strong>perreoeit</strong></span> <span class='ocrx_word' id='word_1_270' title='bbox 935 2155 1004 2203; x_wconf 79' lang='lat' dir='ltr'><strong>ad</strong></span> <span class='ocrx_word' id='word_1_271' title='bbox 1029 2155 1379 2224; x_wconf 73' lang='lat' dir='ltr'><strong>proconsulem</strong></span> <span class='ocrx_word' id='word_1_272' title='bbox 1409 2154 1633 2204; x_wconf 89' lang='lat' dir='ltr'><strong>Iuncum</strong></span> <span class='ocrx_word' id='word_1_273' title='bbox 1657 2154 1809 2219; x_wconf 80' lang='lat' dir='ltr'><strong>(idem</strong></span> <span class='ocrx_word' id='word_1_274' title='bbox 1831 2156 1957 2204; x_wconf 86' lang='lat' dir='ltr'><strong>enim</strong></span> <span class='ocrx_word' id='word_1_275' title='bbox 1979 2155 2155 2205; x_wconf 85' lang='lat' dir='ltr'><strong>Asiam</strong></span> <span class='ocrx_word' id='word_1_276' title='bbox 2176 2152 2365 2205; x_wconf 80' lang='lat' dir='ltr'><strong>&#39;obtine-</strong></span> 
     </span>
     <span class='ocr_line' id='line_1_30' title="bbox 304 2211 2362 2302; baseline -0.001 -30"><span class='ocrx_word' id='word_1_277' title='bbox 304 2220 430 2302; x_wconf 80' lang='lat' dir='ltr'><strong>bat).</strong></span> <span class='ocrx_word' id='word_1_278' title='bbox 477 2220 793 2286; x_wconf 78' lang='lat' dir='ltr'><strong>Nipperdey</strong></span> <span class='ocrx_word' id='word_1_279' title='bbox 780 2235 833 2269; x_wconf 79' lang='lat' dir='ltr'><strong>in</strong></span> <span class='ocrx_word' id='word_1_280' title='bbox 851 2211 1032 2269; x_wconf 73' lang='lat' dir='ltr'><strong>Philol.</strong></span> <span class='ocrx_word' id='word_1_281' title='bbox 1057 2221 1144 2275; x_wconf 90' lang='lat' dir='ltr'><strong>VI.</strong></span> <span class='ocrx_word' id='word_1_282' title='bbox 1174 2218 1317 2269; x_wconf 84' lang='lat'><strong>1851.</strong></span> <span class='ocrx_word' id='word_1_283' title='bbox 1344 2234 1458 2285; x_wconf 78' lang='lat' dir='ltr'><strong>pag.</strong></span> <span class='ocrx_word' id='word_1_284' title='bbox 1485 2220 1600 2271; x_wconf 87' lang='grc'><strong>377.</strong></span> <span class='ocrx_word' id='word_1_285' title='bbox 1635 2223 1841 2271; x_wconf 85' lang='lat' dir='ltr'><strong>testibus</strong></span> <span class='ocrx_word' id='word_1_286' title='bbox 1866 2237 1987 2271; x_wconf 88' lang='lat' dir='ltr'><strong>usus</strong></span> <span class='ocrx_word' id='word_1_287' title='bbox 2014 2222 2076 2271; x_wconf 90' lang='lat' dir='ltr'><strong>de</strong></span> <span class='ocrx_word' id='word_1_288' title='bbox 2099 2222 2238 2271; x_wconf 87' lang='lat' dir='ltr'><strong>Iunci</strong></span> <span class='ocrx_word' id='word_1_289' title='bbox 2271 2236 2362 2270; x_wconf 92' lang='lat' dir='ltr'><strong>no-</strong></span> 
     </span>
     <span class='ocr_line' id='line_1_31' title="bbox 303 2286 2367 2352; baseline -0 -14"><span class='ocrx_word' id='word_1_290' title='bbox 303 2291 436 2338; x_wconf 87' lang='lat' dir='ltr'><strong>mine</strong></span> <span class='ocrx_word' id='word_1_291' title='bbox 458 2286 719 2338; x_wconf 84' lang='lat' dir='ltr'><strong>Plutarcho</strong></span> <span class='ocrx_word' id='word_1_292' title='bbox 747 2287 887 2337; x_wconf 86' lang='lat' dir='ltr'><strong>Caec.</strong></span> <span class='ocrx_word' id='word_1_293' title='bbox 915 2302 958 2334; x_wconf 93' lang='lat' dir='ltr'><strong>c.</strong></span> <span class='ocrx_word' id='word_1_294' title='bbox 984 2286 1033 2336; x_wconf 86' lang='lat'><strong>2.</strong></span> <span class='ocrx_word' id='word_1_295' title='bbox 1061 2295 1119 2335; x_wconf 76' lang='lat' dir='ltr'><strong>et</strong></span> <span class='ocrx_word' id='word_1_296' title='bbox 1153 2286 1308 2343; x_wconf 83' lang='lat' dir='ltr'><strong>Gellio</strong></span> <span class='ocrx_word' id='word_1_297' title='bbox 1333 2289 1394 2346; x_wconf 93' lang='lat' dir='ltr'><strong>V,</strong></span> <span class='ocrx_word' id='word_1_298' title='bbox 1425 2286 1505 2338; x_wconf 86' lang='lat'><strong>13.</strong></span> <span class='ocrx_word' id='word_1_299' title='bbox 1557 2288 1737 2338; x_wconf 84' lang='lat' dir='ltr'><strong>Contra</strong></span> <span class='ocrx_word' id='word_1_300' title='bbox 1769 2288 2070 2352; x_wconf 81' lang='lat' dir='ltr'><strong>Borghesius</strong></span> <span class='ocrx_word' id='word_1_301' title='bbox 2106 2303 2220 2338; x_wconf 89' lang='lat' dir='ltr'><strong>eum</strong></span> <span class='ocrx_word' id='word_1_302' title='bbox 2254 2302 2367 2337; x_wconf 83' lang='lat' dir='ltr'><strong>esse</strong></span> 
     </span>
     <span class='ocr_line' id='line_1_32' title="bbox 303 2354 2368 2415; baseline -0.002 -9"><span class='ocrx_word' id='word_1_303' title='bbox 303 2357 361 2406; x_wconf 91' lang='lat' dir='ltr'><strong>L.</strong></span> <span class='ocrx_word' id='word_1_304' title='bbox 388 2357 584 2406; x_wconf 88' lang='lat' dir='ltr'><strong>Iunium</strong></span> <span class='ocrx_word' id='word_1_305' title='bbox 617 2354 842 2404; x_wconf 83' lang='lat' dir='ltr'><strong>Silanum</strong></span> <span class='ocrx_word' id='word_1_306' title='bbox 872 2360 1109 2403; x_wconf 82' lang='lat' dir='ltr'><strong>statuerat</strong></span> <span class='ocrx_word' id='word_1_307' title='bbox 1143 2369 1208 2403; x_wconf 84' lang='lat' dir='ltr'><strong>ex</strong></span> <span class='ocrx_word' id='word_1_308' title='bbox 1237 2354 1367 2403; x_wconf 89' lang='lat' dir='ltr'><strong>Plin.</strong></span> <span class='ocrx_word' id='word_1_309' title='bbox 1401 2355 1461 2403; x_wconf 92' lang='lat' dir='ltr'><strong>N.</strong></span> <span class='ocrx_word' id='word_1_310' title='bbox 1496 2355 1556 2403; x_wconf 91' lang='lat' dir='ltr'><strong>H.</strong></span> <span class='ocrx_word' id='word_1_311' title='bbox 1583 2355 1653 2414; x_wconf 85' lang='lat'>11,</span> <span class='ocrx_word' id='word_1_312' title='bbox 1681 2354 1747 2405; x_wconf 84' lang='lat'><strong>35</strong></span> <span class='ocrx_word' id='word_1_313' title='bbox 1770 2356 1801 2415; x_wconf 78' lang='lat' dir='ltr'>S</span> <span class='ocrx_word' id='word_1_314' title='bbox 1826 2354 1939 2404; x_wconf 90' lang='grc'><strong>100.</strong></span> <span class='ocrx_word' id='word_1_315' title='bbox 1989 2356 2068 2405; x_wconf 89' lang='lat' dir='ltr'><strong>cui</strong></span> <span class='ocrx_word' id='word_1_316' title='bbox 2101 2356 2368 2404; x_wconf 79' lang='lat' dir='ltr'><strong>assentitur</strong></span> 
     </span>
     <span class='ocr_line' id='line_1_33' title="bbox 302 2417 2362 2487; baseline -0.002 -14"><span class='ocrx_word' id='word_1_317' title='bbox 302 2423 542 2473; x_wconf 87' lang='lat' dir='ltr'><strong>Henzen</strong></span> <span class='ocrx_word' id='word_1_318' title='bbox 528 2437 581 2471; x_wconf 80' lang='lat' dir='ltr'><strong>in</strong></span> <span class='ocrx_word' id='word_1_319' title='bbox 606 2423 784 2470; x_wconf 89' lang='lat' dir='ltr'><strong>Inscrr.</strong></span> <span class='ocrx_word' id='word_1_320' title='bbox 810 2420 894 2469; x_wconf 86' lang='lat' dir='ltr'><strong>lat.</strong></span> <span class='ocrx_word' id='word_1_321' title='bbox 921 2420 1112 2471; x_wconf 87' lang='lat' dir='ltr'><strong>collect.</strong></span> <span class='ocrx_word' id='word_1_322' title='bbox 1138 2417 1511 2483; x_wconf 73' lang='lat' dir='ltr'><strong>Orell.vol.1111.</strong></span> <span class='ocrx_word' id='word_1_323' title='bbox 1536 2421 1749 2487; x_wconf 38' lang='grc' dir='ltr'><strong>Ρῳεῧώὧ</strong></span> <span class='ocrx_word' id='word_1_324' title='bbox 1786 2422 1883 2471; x_wconf 83' lang='lat' dir='ltr'><strong>ad</strong></span> <span class='ocrx_word' id='word_1_325' title='bbox 1870 2437 2021 2471; x_wconf 81' lang='lat' dir='ltr'><strong>mser.</strong></span> <span class='ocrx_word' id='word_1_326' title='bbox 2047 2421 2195 2472; x_wconf 90' lang='grc'><strong>5354.</strong></span> <span class='ocrx_word' id='word_1_327' title='bbox 2242 2423 2362 2469; x_wconf 88' lang='lat' dir='ltr'><strong>Am·</strong></span> 
     </span>
     <span class='ocr_line' id='line_1_34' title="bbox 302 2486 2368 2567; baseline -0.001 -29"><span class='ocrx_word' id='word_1_328' title='bbox 302 2492 451 2553; x_wconf 85' lang='lat' dir='ltr'><strong>bigne</strong></span> <span class='ocrx_word' id='word_1_329' title='bbox 482 2489 665 2538; x_wconf 85' lang='lat' dir='ltr'><strong>iudicat</strong></span> <span class='ocrx_word' id='word_1_330' title='bbox 687 2488 742 2538; x_wconf 91' lang='grc'><strong>0.</strong></span> <span class='ocrx_word' id='word_1_331' title='bbox 770 2487 1146 2537; x_wconf 87' lang='lat' dir='ltr'><strong>Schoenemann</strong></span> <span class='ocrx_word' id='word_1_332' title='bbox 1173 2487 1235 2536; x_wconf 84' lang='lat' dir='ltr'><strong>de</strong></span> <span class='ocrx_word' id='word_1_333' title='bbox 1257 2486 1487 2552; x_wconf 73' lang='lat' dir='ltr'><strong>Bithynia</strong></span> <span class='ocrx_word' id='word_1_334' title='bbox 1512 2497 1559 2537; x_wconf 86' lang='lat' dir='ltr'><strong>et</strong></span> <span class='ocrx_word' id='word_1_335' title='bbox 1580 2489 1739 2538; x_wconf 89' lang='lat' dir='ltr'><strong>Ponto</strong></span> <span class='ocrx_word' id='word_1_336' title='bbox 1773 2503 1914 2553; x_wconf 78' lang='lat' dir='ltr'><strong>prov,</strong></span> <span class='ocrx_word' id='word_1_337' title='bbox 1947 2490 2091 2538; x_wconf 89' lang='lat' dir='ltr'><strong>Rom.</strong></span> <span class='ocrx_word' id='word_1_338' title='bbox 2119 2487 2368 2567; x_wconf 41' lang='lat' dir='ltr'><strong>(Gotting-</strong></span> 
     </span>
     <span class='ocr_line' id='line_1_35' title="bbox 308 2554 2367 2620; baseline -0 -15"><span class='ocrx_word' id='word_1_339' title='bbox 308 2554 479 2617; x_wconf 82' lang='lat'><strong>1855.)</strong></span> <span class='ocrx_word' id='word_1_340' title='bbox 504 2569 619 2620; x_wconf 79' lang='lat' dir='ltr'><strong>pag.</strong></span> <span class='ocrx_word' id='word_1_341' title='bbox 646 2554 724 2604; x_wconf 88' lang='grc'><strong>12.</strong></span> <span class='ocrx_word' id='word_1_342' title='bbox 781 2554 882 2604; x_wconf 85' lang='lat' dir='ltr'><strong>Sed</strong></span> <span class='ocrx_word' id='word_1_343' title='bbox 904 2563 1036 2604; x_wconf 87' lang='lat' dir='ltr'><strong>recte</strong></span> <span class='ocrx_word' id='word_1_344' title='bbox 1058 2555 1415 2605; x_wconf 85' lang='lat' dir='ltr'><strong>Mommsenius</strong></span> <span class='ocrx_word' id='word_1_345' title='bbox 1439 2554 1591 2604; x_wconf 87' lang='lat' dir='ltr'><strong>ullam</strong></span> <span class='ocrx_word' id='word_1_346' title='bbox 1614 2562 1762 2619; x_wconf 82' lang='lat' dir='ltr'><strong>negat</strong></span> <span class='ocrx_word' id='word_1_347' title='bbox 1786 2570 1983 2604; x_wconf 84' lang='lat' dir='ltr'><strong>causam</strong></span> <span class='ocrx_word' id='word_1_348' title='bbox 2009 2559 2146 2614; x_wconf 72' lang='lat' dir='ltr'><strong>esse,</strong></span> <span class='ocrx_word' id='word_1_349' title='bbox 2174 2571 2260 2604; x_wconf 88' lang='lat' dir='ltr'><strong>cur</strong></span> <span class='ocrx_word' id='word_1_350' title='bbox 2283 2557 2367 2618; x_wconf 90' lang='lat' dir='ltr'><strong>qui</strong></span> 
     </span>
     <span class='ocr_line' id='line_1_36' title="bbox 304 2620 2365 2699; baseline 0 -27"><span class='ocrx_word' id='word_1_351' title='bbox 304 2630 381 2672; x_wconf 86' lang='lat' dir='ltr'><strong>est</strong></span> <span class='ocrx_word' id='word_1_352' title='bbox 403 2623 538 2687; x_wconf 86' lang='lat' dir='ltr'><strong>apud</strong></span> <span class='ocrx_word' id='word_1_353' title='bbox 556 2622 772 2672; x_wconf 87' lang='lat' dir='ltr'><strong>Plinium</strong></span> <span class='ocrx_word' id='word_1_354' title='bbox 794 2636 839 2671; x_wconf 83' lang='lat' dir='ltr'><strong>a.</strong></span> <span class='ocrx_word' id='word_1_355' title='bbox 865 2622 924 2672; x_wconf 89' lang='lat' dir='ltr'><strong>U.</strong></span> <span class='ocrx_word' id='word_1_356' title='bbox 949 2620 1065 2671; x_wconf 84' lang='lat'><strong>678.</strong></span> <span class='ocrx_word' id='word_1_357' title='bbox 1112 2621 1381 2699; x_wconf 78' lang='lat' dir='ltr'><strong>proconsul</strong></span> <span class='ocrx_word' id='word_1_358' title='bbox 1414 2622 1470 2671; x_wconf 93' lang='lat' dir='ltr'><strong>L.</strong></span> <span class='ocrx_word' id='word_1_359' title='bbox 1498 2623 1669 2671; x_wconf 88' lang='lat' dir='ltr'><strong>Iunius</strong></span> <span class='ocrx_word' id='word_1_360' title='bbox 1693 2622 1919 2680; x_wconf 85' lang='lat' dir='ltr'><strong>Silanus,</strong></span> <span class='ocrx_word' id='word_1_361' title='bbox 1955 2623 2089 2672; x_wconf 87' lang='lat' dir='ltr'><strong>idem</strong></span> <span class='ocrx_word' id='word_1_362' title='bbox 2125 2638 2238 2672; x_wconf 86' lang='lat' dir='ltr'><strong>esse</strong></span> <span class='ocrx_word' id='word_1_363' title='bbox 2260 2637 2365 2672; x_wconf 87' lang='lat' dir='ltr'><strong>cre-</strong></span> 
     </span>
     <span class='ocr_line' id='line_1_37' title="bbox 304 2688 2370 2754; baseline -0 -15"><span class='ocrx_word' id='word_1_364' title='bbox 304 2692 448 2739; x_wconf 79' lang='lat' dir='ltr'><strong>datur</strong></span> <span class='ocrx_word' id='word_1_365' title='bbox 471 2698 618 2753; x_wconf 84' lang='lat' dir='ltr'><strong>atque</strong></span> <span class='ocrx_word' id='word_1_366' title='bbox 640 2690 710 2750; x_wconf 80' lang='lat' dir='ltr'><strong>ie,</strong></span> <span class='ocrx_word' id='word_1_367' title='bbox 739 2689 801 2738; x_wconf 88' lang='lat' dir='ltr'><strong>de</strong></span> <span class='ocrx_word' id='word_1_368' title='bbox 826 2703 923 2752; x_wconf 92' lang='lat' dir='ltr'><strong>quo</strong></span> <span class='ocrx_word' id='word_1_369' title='bbox 946 2689 1168 2738; x_wconf 86' lang='lat' dir='ltr'><strong>Velleius</strong></span> <span class='ocrx_word' id='word_1_370' title='bbox 1192 2689 1319 2752; x_wconf 85' lang='lat' dir='ltr'><strong>agit,</strong></span> <span class='ocrx_word' id='word_1_371' title='bbox 1348 2688 1482 2754; x_wconf 87' lang='lat' dir='ltr'><strong>apud</strong></span> <span class='ocrx_word' id='word_1_372' title='bbox 1505 2705 1653 2752; x_wconf 90' lang='lat' dir='ltr'><strong>quem</strong></span> <span class='ocrx_word' id='word_1_373' title='bbox 1675 2688 1796 2740; x_wconf 89' lang='lat' dir='ltr'><strong>mihi</strong></span> <span class='ocrx_word' id='word_1_374' title='bbox 1820 2688 2056 2754; x_wconf 85' lang='lat' dir='ltr'><strong>deinceps</strong></span> <span class='ocrx_word' id='word_1_375' title='bbox 2079 2698 2213 2738; x_wconf 88' lang='lat' dir='ltr'><strong>reete</strong></span> <span class='ocrx_word' id='word_1_376' title='bbox 2236 2703 2370 2739; x_wconf 87' lang='lat' dir='ltr'><strong>nunc</strong></span> 
     </span>
     <span class='ocr_line' id='line_1_38' title="bbox 305 2755 2366 2825; baseline -0 -20"><span class='ocrx_word' id='word_1_377' title='bbox 305 2758 462 2806; x_wconf 82' lang='lat' dir='ltr'><strong>omitti</strong></span> <span class='ocrx_word' id='word_1_378' title='bbox 484 2757 678 2806; x_wconf 87' lang='lat' dir='ltr'><strong>videtur</strong></span> <span class='ocrx_word' id='word_1_379' title='bbox 698 2770 802 2806; x_wconf 85' lang='lat' dir='ltr'><strong>vox</strong></span> <span class='ocrx_word' id='word_1_380' title='bbox 824 2772 952 2814; x_wconf 87' lang='lat' dir='ltr'><strong>cum,</strong></span> <span class='ocrx_word' id='word_1_381' title='bbox 977 2755 1226 2820; x_wconf 83' lang='lat' dir='ltr'><strong>adscripta</strong></span> <span class='ocrx_word' id='word_1_382' title='bbox 1246 2756 1333 2804; x_wconf 85' lang='lat' dir='ltr'><strong>illa</strong></span> <span class='ocrx_word' id='word_1_383' title='bbox 1354 2756 1418 2805; x_wconf 84' lang='lat' dir='ltr'><strong>ad</strong></span> <span class='ocrx_word' id='word_1_384' title='bbox 1441 2756 1789 2819; x_wconf 88' lang='lat' dir='ltr'><strong>corrigendum</strong></span> <span class='ocrx_word' id='word_1_385' title='bbox 1813 2770 1993 2805; x_wconf 90' lang='lat' dir='ltr'><strong>nomen</strong></span> <span class='ocrx_word' id='word_1_386' title='bbox 2016 2756 2241 2825; x_wconf 78' lang='lat' dir='ltr'><strong>Iunium,-</strong></span> <span class='ocrx_word' id='word_1_387' title='bbox 2274 2758 2366 2804; x_wconf 88' lang='lat' dir='ltr'><strong>mi·</strong></span> 
     </span>
     <span class='ocr_line' id='line_1_39' title="bbox 305 2793 2372 2901; baseline -0.001 -28"><span class='ocrx_word' id='word_1_388' title='bbox 305 2839 400 2873; x_wconf 88' lang='lat' dir='ltr'><strong>nus</strong></span> <span class='ocrx_word' id='word_1_389' title='bbox 433 2831 565 2872; x_wconf 84' lang='lat' dir='ltr'><strong>recte</strong></span> <span class='ocrx_word' id='word_1_390' title='bbox 596 2836 745 2873; x_wconf 85' lang='lat' dir='ltr'><strong>voces</strong></span> <span class='ocrx_word' id='word_1_391' title='bbox 789 2839 896 2872; x_wconf 90' lang='lat' dir='ltr'><strong>eam</strong></span> <span class='ocrx_word' id='word_1_392' title='bbox 939 2838 1082 2888; x_wconf 81' lang='lat' dir='ltr'><strong>quam</strong></span> <span class='ocrx_word' id='word_1_393' title='bbox 1127 2822 1379 2881; x_wconf 53' lang='lat' dir='ltr'><strong>omiserim</strong></span> <span class='ocrx_word' id='word_1_394' title='bbox 1427 2838 1520 2871; x_wconf 86' lang='lat' dir='ltr'><strong>nec</strong></span> <span class='ocrx_word' id='word_1_395' title='bbox 1551 2832 1715 2871; x_wconf 84' lang='lat' dir='ltr'><strong>tamen</strong></span> <span class='ocrx_word' id='word_1_396' title='bbox 1749 2838 1975 2901; x_wconf 80' lang='lat' dir='ltr'><strong>eamque,</strong></span> <span class='ocrx_word' id='word_1_397' title='bbox 2024 2824 2161 2890; x_wconf 89' lang='lat' dir='ltr'><strong>quod</strong></span> <span class='ocrx_word' id='word_1_398' title='bbox 2191 2793 2308 2873; x_wconf 80' lang='lat' dir='ltr'><strong>olim</strong></span> <span class='ocrx_word' id='word_1_399' title='bbox 2340 2836 2372 2872; x_wconf 80' lang='lat' dir='ltr'><strong>a</strong></span> 
     </span>
     <span class='ocr_line' id='line_1_40' title="bbox 304 2860 2371 2956; baseline -0.001 -16"><span class='ocrx_word' id='word_1_400' title='bbox 304 2891 473 2956; x_wconf 89' lang='lat' dir='ltr'><strong>Lipsio</strong></span> <span class='ocrx_word' id='word_1_401' title='bbox 498 2891 690 2955; x_wconf 87' lang='lat' dir='ltr'><strong>accepi,</strong></span> <span class='ocrx_word' id='word_1_402' title='bbox 717 2885 833 2939; x_wconf 84' lang='lat' dir='ltr'><strong>ferri</strong></span> <span class='ocrx_word' id='word_1_403' title='bbox 855 2895 1047 2955; x_wconf 85' lang='lat' dir='ltr'><strong>potest;</strong></span> <span class='ocrx_word' id='word_1_404' title='bbox 1072 2891 1239 2952; x_wconf 79' lang='lat' dir='ltr'><strong>itaque</strong></span> <span class='ocrx_word' id='word_1_405' title='bbox 1263 2860 1430 2938; x_wconf 80' lang='lat' dir='ltr'><strong>malim</strong></span> <span class='ocrx_word' id='word_1_406' title='bbox 1454 2898 1538 2938; x_wconf 85' lang='lat' dir='ltr'><strong>aut</strong></span> <span class='ocrx_word' id='word_1_407' title='bbox 1562 2891 1877 2954; x_wconf 85' lang='lat' dir='ltr'><strong>transpositis</strong></span> <span class='ocrx_word' id='word_1_408' title='bbox 1903 2891 2107 2940; x_wconf 83' lang='lat' dir='ltr'><strong>vocibus</strong></span> <span class='ocrx_word' id='word_1_409' title='bbox 2129 2879 2371 2940; x_wconf 73' lang='lat' dir='ltr'><strong>scribere:</strong></span> 
     </span>
     <span class='ocr_line' id='line_1_41' title="bbox 304 2955 2372 3023; baseline -0 -17"><span class='ocrx_word' id='word_1_410' title='bbox 304 2960 433 3007; x_wconf 73' lang='lat' dir='ltr'><strong>idem</strong></span> <span class='ocrx_word' id='word_1_411' title='bbox 464 2963 589 3006; x_wconf 87' lang='lat' dir='ltr'><strong>enim</strong></span> <span class='ocrx_word' id='word_1_412' title='bbox 623 2972 730 3005; x_wconf 90' lang='lat' dir='ltr'><strong>eam</strong></span> <span class='ocrx_word' id='word_1_413' title='bbox 755 2959 840 3022; x_wconf 81' lang='lat' dir='ltr'><strong>qui</strong></span> <span class='ocrx_word' id='word_1_414' title='bbox 859 2957 1035 3006; x_wconf 84' lang='lat' dir='ltr'><strong>Asiam</strong></span> <span class='ocrx_word' id='word_1_415' title='bbox 1065 2955 1344 3015; x_wconf 82' lang='lat' dir='ltr'><strong>obtinebat,</strong></span> <span class='ocrx_word' id='word_1_416' title='bbox 1392 2964 1478 3006; x_wconf 80' lang='lat' dir='ltr'><strong>aut</strong></span> <span class='ocrx_word' id='word_1_417' title='bbox 1512 2957 1647 3020; x_wconf 92' lang='lat' dir='ltr'><strong>quod</strong></span> <span class='ocrx_word' id='word_1_418' title='bbox 1678 2971 1813 3006; x_wconf 89' lang='lat' dir='ltr'><strong>nunc</strong></span> <span class='ocrx_word' id='word_1_419' title='bbox 1842 2959 2033 3023; x_wconf 85' lang='lat' dir='ltr'><strong>recepi.</strong></span> <span class='ocrx_word' id='word_1_420' title='bbox 2080 2959 2209 3007; x_wconf 81' lang='lat' dir='ltr'><strong>idem</strong></span> <span class='ocrx_word' id='word_1_421' title='bbox 2243 2959 2372 3007; x_wconf 85' lang='lat' dir='ltr'><strong>enim</strong></span> 
     </span>
     <span class='ocr_line' id='line_1_42' title="bbox 305 3022 1234 3074; baseline -0.004 0"><span class='ocrx_word' id='word_1_422' title='bbox 305 3025 481 3074; x_wconf 84' lang='lat' dir='ltr'><strong>Asiam</strong></span> <span class='ocrx_word' id='word_1_423' title='bbox 513 3024 827 3074; x_wconf 81' lang='lat' dir='ltr'><strong>etiamtum</strong></span> <span class='ocrx_word' id='word_1_424' title='bbox 859 3023 1128 3073; x_wconf 85' lang='lat' dir='ltr'><strong>obtinebat.</strong></span> <span class='ocrx_word' id='word_1_425' title='bbox 1175 3022 1234 3071; x_wconf 91' lang='lat' dir='ltr'><strong>H.</strong></span> 
     </span>
    </p>

    <p class='ocr_par' dir='ltr' id='par_1_11' title="bbox 436 3087 2373 3165">
     <span class='ocr_line' id='line_1_43' title="bbox 436 3087 2373 3165; baseline 0 -26"><span class='ocrx_word' id='word_1_426' title='bbox 436 3087 534 3148; x_wconf 83' lang='grc'><strong>46,</strong></span> <span class='ocrx_word' id='word_1_427' title='bbox 560 3088 615 3147; x_wconf 85' lang='grc'><strong>3.</strong></span> <span class='ocrx_word' id='word_1_428' title='bbox 662 3091 813 3139; x_wconf 89' lang='lat' dir='ltr'><strong>Hunc</strong></span> <span class='ocrx_word' id='word_1_429' title='bbox 830 3087 1269 3165; x_wconf 82' lang='lat' dir='ltr'><strong>proficiscentem&#39;</strong></span> <span class='ocrx_word' id='word_1_430' title='bbox 1248 3106 1281 3138; x_wconf 83' lang='grc' dir='ltr'><strong>ι.</strong></span> <span class='ocrx_word' id='word_1_431' title='bbox 1308 3088 1365 3139; x_wconf 83' lang='lat' dir='ltr'><strong>S.</strong></span> <span class='ocrx_word' id='word_1_432' title='bbox 1391 3091 1518 3140; x_wconf 80' lang='lat' dir='ltr'><strong>diris</strong></span> <span class='ocrx_word' id='word_1_433' title='bbox 1549 3106 1654 3152; x_wconf 78' lang='lat' dir='ltr'><strong>cum</strong></span> <span class='ocrx_word' id='word_1_434' title='bbox 1685 3090 1907 3140; x_wconf 85' lang='lat' dir='ltr'><strong>omnibus</strong></span> <span class='ocrx_word' id='word_1_435' title='bbox 1940 3091 2128 3141; x_wconf 80' lang='lat' dir='ltr'><strong>tribuni</strong></span> <span class='ocrx_word' id='word_1_436' title='bbox 2157 3093 2229 3154; x_wconf 85' lang='lat' dir='ltr'><strong>pl.</strong></span> <span class='ocrx_word' id='word_1_437' title='bbox 2259 3090 2373 3153; x_wconf 78' lang='lat' dir='ltr'><strong>fru—</strong></span> 
     </span>
    </p>
   </div>
   <div class='ocr_carea' id='block_1_3' title="bbox 2591 443 2597 1604">
    <p class='ocr_par' dir='ltr' id='par_1_12' title="bbox 2591 443 2597 1604">
     <span class='ocr_line' id='line_1_44' title="bbox 2591 443 2597 1604; baseline 0 0"><span class='ocrx_word' id='word_1_438' title='bbox 2591 443 2597 1604; x_wconf 95' lang='lat' dir='ltr'><strong> </strong></span> 
     </span>
    </p>
   </div>
   <div class='ocr_carea' id='block_1_4' title="bbox 304 3157 2473 3237">
    <p class='ocr_par' dir='ltr' id='par_1_13' title="bbox 304 3157 2473 3237">
     <span class='ocr_line' id='line_1_45' title="bbox 304 3157 2473 3237; baseline -0.001 -29"><span class='ocrx_word' id='word_1_439' title='bbox 304 3165 417 3208; x_wconf 84' lang='lat' dir='ltr'><strong>stra</strong></span> <span class='ocrx_word' id='word_1_440' title='bbox 436 3159 658 3206; x_wconf 80' lang='lat' dir='ltr'><strong>retinere</strong></span> <span class='ocrx_word' id='word_1_441' title='bbox 680 3159 851 3206; x_wconf 85' lang='lat' dir='ltr'><strong>conati</strong></span> <span class='ocrx_word' id='word_1_442' title='bbox 870 3161 1106 3213; x_wconf 84' lang='lat' dir='ltr'><strong>essent,</strong></span> <span class='ocrx_word' id='word_1_443' title='bbox 1134 3157 1603 3221; x_wconf 73' lang='lat' dir='ltr'><strong>quorum—fuisset</strong></span> <span class='ocrx_word' id='word_1_444' title='bbox 1624 3163 1705 3206; x_wconf 83' lang='lat' dir='ltr'><strong>ret</strong></span> <span class='ocrx_word' id='word_1_445' title='bbox 1721 3158 1977 3221; x_wconf 83' lang='lat' dir='ltr'><strong>publicae,</strong></span> <span class='ocrx_word' id='word_1_446' title='bbox 2004 3165 2370 3237; x_wconf 65' lang='lat' dir='ltr'><strong>transm-essum</strong></span> <span class='ocrx_word' id='word_1_447' title='bbox 2463 3162 2473 3172; x_wconf 85' lang='lat'>&#39;</span> 
     </span>
    </p>
   </div>
   <div class='ocr_carea' id='block_1_5' title="bbox 306 3194 2372 3425">
    <p class='ocr_par' dir='ltr' id='par_1_14' title="bbox 306 3194 2372 3425">
     <span class='ocr_line' id='line_1_46' title="bbox 306 3194 2367 3288; baseline -0.001 -14"><span class='ocrx_word' id='word_1_448' title='bbox 306 3224 603 3288; x_wconf 69' lang='lat' dir='ltr'><strong>Euphraten</strong></span> <span class='ocrx_word' id='word_1_449' title='bbox 629 3224 861 3275; x_wconf 82' lang='lat' dir='ltr'><strong>Crassum</strong></span> <span class='ocrx_word' id='word_1_450' title='bbox 880 3248 949 3257; x_wconf 86' lang='lat'><strong>—-</strong></span> <span class='ocrx_word' id='word_1_451' title='bbox 973 3194 1165 3272; x_wconf 84' lang='lat' dir='ltr'><strong>Orodes</strong></span> <span class='ocrx_word' id='word_1_452' title='bbox 1187 3249 1251 3258; x_wconf 84' lang='lat'><strong>—-</strong></span> <span class='ocrx_word' id='word_1_453' title='bbox 1269 3225 1533 3273; x_wconf 84' lang='lat' dir='ltr'><strong>interemit.</strong></span> <span class='ocrx_word' id='word_1_454' title='bbox 1558 3224 1624 3272; x_wconf 88' lang='lat' dir='ltr'><strong>M.</strong></span> <span class='ocrx_word' id='word_1_455' title='bbox 1651 3225 1710 3273; x_wconf 91' lang='lat' dir='ltr'><strong>In</strong></span> <span class='ocrx_word' id='word_1_456' title='bbox 1734 3240 1842 3273; x_wconf 81' lang='lat' dir='ltr'><strong>eam</strong></span> <span class='ocrx_word' id='word_1_457' title='bbox 1866 3233 2082 3273; x_wconf 85' lang='lat' dir='ltr'><strong>mentem</strong></span> <span class='ocrx_word' id='word_1_458' title='bbox 2104 3226 2177 3273; x_wconf 86' lang='lat' dir='ltr'><strong>sic</strong></span> <span class='ocrx_word' id='word_1_459' title='bbox 2202 3226 2367 3273; x_wconf 90' lang='lat' dir='ltr'><strong>conie-</strong></span> 
     </span>
     <span class='ocr_line' id='line_1_47' title="bbox 306 3289 2372 3358; baseline -0.001 -16"><span class='ocrx_word' id='word_1_460' title='bbox 306 3301 436 3343; x_wconf 77' lang='lat' dir='ltr'><strong>otest</strong></span> <span class='ocrx_word' id='word_1_461' title='bbox 469 3293 596 3342; x_wconf 83' lang='lat' dir='ltr'><strong>diris</strong></span> <span class='ocrx_word' id='word_1_462' title='bbox 618 3307 726 3341; x_wconf 74' lang='lat' dir='ltr'><strong>emn</strong></span> <span class='ocrx_word' id='word_1_463' title='bbox 745 3289 984 3341; x_wconf 84' lang='lat' dir='ltr'><strong>ominibus</strong></span> <span class='ocrx_word' id='word_1_464' title='bbox 1004 3290 1218 3341; x_wconf 73' lang='lat' dir='ltr'><strong>tribunis</strong></span> <span class='ocrx_word' id='word_1_465' title='bbox 1239 3315 1306 3327; x_wconf 85' lang='lat'><strong>·-</strong></span> <span class='ocrx_word' id='word_1_466' title='bbox 1327 3314 1395 3328; x_wconf 84' lang='lat'><strong>--·</strong></span> <span class='ocrx_word' id='word_1_467' title='bbox 1417 3294 1636 3351; x_wconf 79' lang='lat' dir='ltr'><strong>conatis,</strong></span> <span class='ocrx_word' id='word_1_468' title='bbox 1663 3306 1867 3358; x_wconf 82' lang='lat' dir='ltr'><strong>quorum</strong></span> <span class='ocrx_word' id='word_1_469' title='bbox 1888 3316 1971 3340; x_wconf 89' lang='lat'><strong>·--</strong></span> <span class='ocrx_word' id='word_1_470' title='bbox 2023 3291 2124 3341; x_wconf 87' lang='lat' dir='ltr'><strong>Sed</strong></span> <span class='ocrx_word' id='word_1_471' title='bbox 2146 3291 2372 3356; x_wconf 79' lang='lat' dir='ltr'><strong>praefero</strong></span> 
     </span>
     <span class='ocr_line' id='line_1_48' title="bbox 308 3358 993 3425; baseline -0.003 -15"><span class='ocrx_word' id='word_1_472' title='bbox 308 3359 567 3425; x_wconf 89' lang='lat' dir='ltr'><strong>periodum</strong></span> <span class='ocrx_word' id='word_1_473' title='bbox 589 3358 717 3411; x_wconf 85' lang='lat' dir='ltr'><strong>male</strong></span> <span class='ocrx_word' id='word_1_474' title='bbox 739 3365 993 3409; x_wconf 78' lang='lat' dir='ltr'><strong>structam.</strong></span> 
     </span>
    </p>
   </div>
   <div class='ocr_carea' id='block_1_6' title="bbox 2586 443 2601 3886">
    <p class='ocr_par' dir='ltr' id='par_1_15' title="bbox 2586 443 2601 3886">
     <span class='ocr_line' id='line_1_49' title="bbox 2586 443 2601 3886; baseline 0 0"><span class='ocrx_word' id='word_1_475' title='bbox 2586 443 2601 3886; x_wconf 95' lang='lat' dir='ltr'><strong> </strong></span> 
     </span>
    </p>
   </div>
  </div>
 </body>
</html>
