2634 3909
653 223 1073 295 ffls'ro'mAE
1113 228 1502 291 ROMANAE
1542 228 1626 302 ιι,
1665 234 1755 291 37.
2100 221 2186 290 ³⁷
2263 207 2268 212 ’

233 391 430 466 ginta,
470 386 758 454 omnibus
800 384 1067 445 omnium
1104 381 1377 457 gentium
1417 380 1565 441 viris
1612 378 2030 460 magnitudine
2070 396 2187 442 sua

233 475 592 534 inducturus
636 469 972 544 caliginem.
1038 468 1165 527 Iam
1196 478 1396 541 paene
1437 479 1963 541 supervacaneum
1992 464 2188 525 videri
2213 468 2249 522 2

233 563 441 635 potest
461 553 848 616 eminentium
876 550 1257 627 ingeniorum
1284 556 1497 610 notare
1524 555 1833 623 tempora,
1865 548 2004 625 quis
2027 548 2186 607 enim
2229 604 2238 614 ,

233 645 475 717 ignorat
501 640 834 713 diremptos
872 633 1167 711 gradibus
1194 634 1412 694 aetatis
1439 631 1728 700 floruisse
1751 631 1880 692 hoc
1910 639 2188 708 tempore

237 726 619 797 Ciceronem,
676 718 1096 792 Hortensium,
1152 722 1421 792 anteque
1475 717 1819 790 Antonium,
1877 715 2186 789 Crassum,

234 810 500 880 Cottam,
532 805 901 881 Sulpicium,
932 817 1201 877 moxque
1227 801 1510 874 Brutum,
1539 799 1865 874 Calidium,
1893 799 2186 873 Coelium,

235 894 502 966 Calvum,
526 898 595 950 et
622 888 967 965 proximum
987 884 1264 946 Ciceroni
1286 884 1630 959 Caesarem,
1655 885 1998 959 eorumque
2023 885 2250 958 velut.»

235 978 516 1037 alumnos
548 971 897 1034 Corvinum.
912 985 984 1029 ac
1021 967 1360 1031 Pollionem
1395 966 1722 1064 Asinium„
1760 955 2190 1042 aemulumque

233 1055 613 1149 Thucydidis
635 1050 993 1125 Sallustium
1032 1060 1442 1149 auctoresque
1488 1050 1819 1111 carminum
1842 1051 2189 1110 Varronem

230 1154 311 1197 ac
333 1134 713 1211 Lucretium,
750 1150 965 1212 neque
991 1136 1117 1197 ullo
1165 1135 1227 1197 in
1273 1134 1553 1212 suscepti
1598 1133 1810 1211 operis
1839 1134 1939 1194 sui
1970 1150 2246 1208 acuere

229 1220 544 1299 [cm-mine]
564 1219 870 1280 minorem
904 1219 1223 1281 Catullum.
1274 1221 1477 1281 Paene
1503 1219 1696 1279 stulta
1736 1222 1834 1278 est
1871 1214 2190 1278 inhaeren·
2214 1199 2251 1274 3

227 1304 375 1365 tium
411 1302 611 1364 oculis
640 1302 1025 1378 ingeniorum
1066 1295 1479 1375 enumeratio,
1503 1301 1689 1364 inter
1722 1316 1885 1377 quae
1923 1301 2193 1361 maxime

228 1388 423 1449 nostri
469 1383 609 1448 aevi
643 1385 910 1446 eminent
958 1385 1249 1463 princeps
1292 1388 1629 1448 caminum
1671 1382 1982 1460 Vergilius
2011 1382 2194 1446 Rabi
2245 1433 2251 1442 .

226 1471 484 1547 riusque
510 1476 615 1529 et
634 1477 1010 1531 consecutus
1054 1468 1410 1532 Sallustium
1438 1469 1649 1531 Livius
1691 1468 2090 1544 Tibullusque
2134 1477 2196 1528 et

228 1556 429 1627 Naso,
461 1551 936 1648 perfectissimi
921 1570 982 1612 ιιι
1013 1554 1212 1613 forma
1238 1553 1449 1629 operis
1468 1551 1606 1626 sui;
1638 1569 1779 1613 nam
1814 1552 2095 1613 vivorum
2130 1559 2198 1667 ut

232 1652 456 1712 magna
490 1632 810 1697 admiratio
840 1635 924 1695 ita
954 1652 1221 1696 censura
1252 1636 1525 1696 difficilis
1555 1645 1671 1696 est.

284 1761 287 1768 -
326 1745 335 1754 -
398 1719 692 1779 XXXVII.
751 1720 910 1780 Dum
933 1718 1134 1779 haec
1116 1735 1185 1778 ιιι
1204 1719 1359 1780 urbe
1385 1719 1680 1793 Italiaque
1719 1725 2042 1796 geruntur,
2086 1661 2253 1785 cul

231 1803 564 1877 Pompeius
612 1802 1008 1863 memorabile
1057 1803 1358 1864 adversus
1406 1802 1825 1877 Mithridaten,
1890 1803 1996 1880 qui
2043 1812 2192 1881 post

233 1887 469 1947 Luculli
497 1887 939 1962 profectionem
966 1899 1220 1961 magnas
1250 1886 1397 1947 novi
1425 1891 1732 1948 exercitus
1760 1887 1912 1949 viris
1938 1903 2187 1964 repara-
2223 1923 2254 1938 ‹-

232 1978 424 2043 verat,
456 1970 681 2031 bellum
707 1969 919 2046 gessit.
960 1972 1045 2032 At
1066 1985 1178 2030 rex
1208 1972 1385 2031 maus
1411 1972 1786 2047 fugatusque
1814 1980 1875 2032 et
1902 1971 2186 2034 omnibus
2214 1983 2253 2037 2

233 2061 456 2129 exutus
489 2054 687 2131 copiis
713 2052 1063 2116 Armeniam
1088 2054 1514 2130 Tigranenque
1539 2070 1831 2116 socerum
1854 2056 2053 2132 petiit,
2092 2070 2189 2116 re-

231 2153 371 2213 gem
402 2138 535 2198 eius
574 2139 901 2214 temporis,
942 2136 1061 2197 nisi
1092 2140 1215 2214 'qua
1241 2138 1476 2199 Luculli
1503 2138 1688 2199 armis
1704 2145 1846 2199 erat
1872 2140 2187 2214 infractus,

214 2221 771 2296 potentissimum·
809 2221 1000 2282 Simul
1032 2222 1245 2297 itaque
1275 2222 1435 2283 duos
1467 2229 1829 2298 persecutus
1856 2223 2186 2299 Pompeius

230 2304 478 2369 intravit
495 2306 861 2364 Armeniam.
904 2304 1076 2365 Prior
1090 2304 1260 2365 fliius
1282 2305 1578 2381 Tigranis,
1609 2307 1722 2367 sed
1744 2305 1988 2368 discors
2013 2307 2189 2383 patri,
2216 2314 2253 2369 3

230 2389 515 2465 pervenit
539 2388 621 2447 ad
648 2388 1036 2463 Pompeium3
1066 2403 1212 2449 mox
1237 2386 1378 2464 ipse
1406 2391 1673 2466 supplex
1702 2399 1761 2451 et
1788 2405 2088 2468 praesens
2119 2406 2189 2449 se

230 2487 615 2548 regnumque
632 2471 860 2533 dicioni
881 2473 1015 2533 eius
1041 2472 1331 2548 permisit,
1356 2475 1666 2548 praefatus
1688 2475 1989 2534 neminem
2001 2473 2189 2533 alium

232 2560 438 2630 neque
449 2556 793 2618 Romanum
813 2571 1018 2631 neque
1038 2557 1218 2617 ullius
1242 2559 1441 2632 gentis
1463 2558 1658 2619 virum
1682 2558 1948 2618 futurum
1974 2557 2187 2627 luisse,
2245 2591 2253 2610 .

234 2639 411 2714 cuius
441 2655 512 2698 se
543 2640 819 2700 societati
858 2640 1297 2702 commissurus
1341 2641 1528 2715 foret,
1579 2657 1761 2717 quam
1794 2642 1898 2701 Cn.
1927 2641 2189 2715 Pompe-

234 2725 393 2798 ium3
445 2723 708 2800 proinde
751 2738 991 2784 omnem
1032 2724 1150 2784 sibi
1192 2725 1301 2784 vel.
1331 2725 1651 2786 adversam
1693 2727 1791 2785 vel
1829 2724 2188 2799 secundam,-

235 2808 413 2867 euius
458 2814 676 2867 auctor
720 2805 821 2867 ille
863 2814 1061 2882 esset,
1114 2808 1418 2870 fortunam
1468 2807 1845 2870 tolerabilem
1894 2809 2189 2880 futuram

232 2904 562 2954 nnnesse·
588 2898 768 2965 turpe
796 2891 886 2951 ‘ab
929 2907 1005 2953 eo
1044 2891 1238 2966 vinci,
1285 2908 1468 2968 quem
1507 2893 1759 2953 vincere
1787 2900 1954 2952 esset
1992 2894 2189 2968 nefaS,

231 2988 440 3050 neque
470 2972 791 3034 inhoneste
820 2976 1079 3051 aliquem
1107 2976 1390 3037 summitti
1420 2977 1576 3050 huic,
1608 2992 1789 3052 quem
1817 2978 2060 3037 fortuna
2088 2993 2187 3037 sue

232 3072 348 3134 per
391 3057 589 3118 omni-s
633 3058 968 3120 extulisset.
1039 3058 1358 3121 Servatus
1376 3062 1506 3134 regi
1547 3061 1748 3121 honos
1779 3060 2022 3136 imperi,
2076 3060 2189 3120 sed
2212 3063 2249 3118 4

232 3131 483 3205 multaio
512 3139 746 3217 ingenti
772 3142 1055 3218 pecunia,
1084 3160 1247 3219 quae
1277 3143 1505 3217 omnis,
1537 3145 1713 3204 sicuti
1738 3143 2028 3220 Pompeio
2051 3161 2186 3203 mo

234 3226 325 3285 ris
351 3235 506 3299 erat,
545 3226 844 3288 redacta
824 3244 884 3287 ιιι
919 3228 1260 3303 quaestoris
1292 3232 1659 3305 potestatem
1688 3245 1761 3288 ac
1792 3228 2067 3304 publicis
2081 3227 2188 3285 de·-

236 3310 466 3385 scrip'ta
504 3309 740 3372 litteris.
806 3311 990 3389 Syria
1014 3312 1327 3387 aliaeque,
1374 3327 1532 3387 quas
1562 3319 2000 3387 occupaverat,
2047 3324 2187 3384 pro

233 3391 476 3453 vinciae
504 3402 759 3470 ereptae
785 3400 846 3454 et
883 3395 1040 3455 aliae
1079 3394 1395 3456 restitutae
1423 3397 1993 3471 populoRomano,
2033 3392 2190 3452 aliae

235 3482 373 3535 tum·
391 3476 650 3552 primum
680 3477 741 3537 in
773 3479 907 3539 eius
937 3486 1301 3553 potestatem
1329 3480 1645 3553 redactae,
1687 3486 1753 3540 ut
1782 3479 1991 3556 Syria,
2029 3489 2190 3550 quae
