2634 3909
365 195 498 282 ,ω
946 192 1027 254 ιι.
1042 189 1048 200 “
1063 149 1350 256 snum
1390 164 1819 253 nmmum

415 346 1043 416 marcebantomnim⁴
1079 344 1223 406 hinc
1249 345 1516 420 remiges
1555 345 1914 420 firmissimi,
1955 344 2120 412 illinc
2142 347 2375 427 ‚inopia
2422 379 2431 394 ‹

417 429 846 499 adfectissimi3
875 430 1119 490 navium
1147 429 1263 489 hac
1288 427 1645 503 magnitudo
1676 430 1918 491 modica
1939 445 2054 491 nec
2076 433 2372 495 celeritati

416 516 707 589 adversa,
749 514 853 575 illa
880 513 1090 589 specie
1132 513 1484 585 terribilior·
1527 513 1670 574 hinc
1697 514 1777 574 ad
1804 515 2135 577 Antonium
2162 532 2367 593 nemo,

415 600 579 662 illinc
592 599 672 658 ad
686 598 1009 659 Caesarem
1023 595 1248 658 cotidie
1266 597 1490 672 aliquis
1504 597 1946 674 transfugiebat
1958 621 1996 653 t
2004 614 2117 659 rex
2128 602 2367 679 Amyn-

412 689 511 745 tas
551 681 801 743 meliora
840 687 901 742 et
927 682 1168 742 utiliora
1195 689 1480 751 secutus;
1512 697 1652 742 nam
1681 681 1933 742 Deillius
1962 684 2227 759 exempli
2268 684 2369 746 sui

415 774 599 829 tenax
641 774 705 827 ut
731 781 769 825 a
795 766 1109 828 Dolabella
1151 755 1260 839 [ad
1285 766 1581 840 Cassium,
1623 783 1666 827 a
1696 766 1905 827 Cassio
1920 768 2009 827 ad
2018 768 2368 843 Anionem,

413 855 497 913 ita
536 853 613 911 ab
639 851 887 910 Antonio
925 852 1182 923 transiit]
1224 849 1304 909 ad
1337 849 1693 920 Caesarem3
1730 850 1946 926 virque
1987 815 2368 914 clarissimus,

421 931 525 995 Cn.
555 933 886 1008 Domitius,
919 934 1032 1009 quia
1053 935 1225 996 solus
1252 934 1733 994 Antonianarum
1764 934 2025 1009 partium
2053 951 2369 1011 nunquam

414 1019 685 1093 reginam
717 1016 835 1078 nisi
864 1018 1106 1079 nomine
1134 1018 1447 1092 salutavit,
1475 1018 1741 1080 maximo
1772 1025 1833 1079 et
1860 1019 2176 1094 praecipiti
2204 1021 2365 1095 peri-

345 1109 387 1166 8
414 1105 551 1165 culo
577 1102 909 1164 transmisit
934 1103 1014 1163 ad
1038 1101 1378 1162 Caesarem.
1424 1101 1703 1178 Denique
1729 1102 1789 1162 in
1820 1109 2143 1178 creatque
2168 1105 2364 1165 oculis

413 1186 798 1247 Antonianae
837 1187 1058 1248 classis
1100 1200 1213 1260 per
1239 1185 1320 1244 Μ.
1350 1186 1686 1261 Agrippam
1715 1186 1953 1248 Leucas
1994 1195 2363 1265 expugnata,

412 1271 630 1331 Patrae
676 1278 923 1345 captae,
982 1269 1304 1330 Corinthus
1361 1277 1699 1346 occupata,-
1743 1270 1841 1331 bis
1898 1276 2040 1330 ante
2092 1271 2366 1382 ultimum

414 1354 739 1415 discrimen
771 1354 994 1414 classis
1021 1353 1286 1415 hostium
1317 1363 1623 1430 superata.

348 1448 382 1502 1
445 1464 456 1476 ’
576 1438 864 1498 LXXXV.
929 1437 1195 1498 'A'dvenit
1243 1438 1502 1498 deinde
1497 1438 1761 1500 maximi
1802 1439 2170 1500 discriminis
2209 1440 2363 1514 dies,

414 1541 538 1599 quo
569 1522 795 1586 Caesar
833 1522 1262 1597 Antoniusque
1300 1523 1618 1597 productis
1662 1523 1967 1584 classibus
2007 1540 2123 1599 pro
2165 1525 2363 1585 salute

345 1614 383 1670 2
410 1610 576 1679 alter,
612 1607 672 1667 in
697 1606 933 1669 ruinam
955 1608 1106 1667 alter
1130 1612 1421 1678 terrarum
1446 1606 1612 1668 orbis
1635 1607 2024 1668 dimicavere.
2070 1608 2363 1668 Dextrum

412 1694 651 1753 navium
682 1691 1049 1767 Iulianarum
1090 1705 1283 1751 cornu
1313 1691 1394 1750 Μ.
1423 1691 1605 1751 Lurio
1651 1691 2074 1765 commissum,
2120 1693 2364 1752 laevum

337 1777 342 1782 “
409 1777 730 1848 Arruntio,
774 1776 1090 1853 Agrippae
1130 1790 1310 1835 omne
1353 1775 1594 1836 classici
1635 1775 1979 1856 certaminis
2018 1774 2360 1846 arbitrium;

415 1860 640 1922 Caesar
656 1861 720 1926 ,ei
757 1861 922 1935 parti
953 1860 1322 1933 destinatus,
1363 1860 1424 1918 in
1457 1875 1640 1933 quam
1670 1873 1708 1919 a
1746 1860 1992 1920 fortuna
2016 1865 2360 1931 vocaretur,

415 1944 654 2019 ubique
663 1944 899 2016 aderat.
935 1942 1187 2003 'Classis
1216 1943 1443 2003 Antoni
1470 1943 1739 2018 regimen
1768 1942 2117 2005 Publicolae
2147 1940 2359 2006 Sosim

411 2044 536 2104 que
563 2027 973 2088 commissum.
1043 2028 1126 2085 At
1161 2025 1223 2086 in
1265 2033 1427 2086 terra
1465 2027 1728 2089 locatum
1770 2027 2103 2088 exercitum
2126 2026 2361 2088 Taurus

346 2113 385 2169 ὃ
411 2111 727 2194 Caesarie,
765 2110 993 2169 Antoni
1021 2111 1273 2185 regebat
1300 2109 1607 2171 Canidius.
1669 2109 1789 2173 Ubi
1814 2110 2027 2173 initum
2056 2117 2362 2171 certamen

411 2201 550 2266 est,
554 2191 781 2259 omnia
806 2193 867 2252 in
896 2195 1086 2254 altera
1128 2201 1298 2269 parte
1326 2194 1540 2268 fuere,
1583 2195 1740 2268 dux,
1780 2196 2087 2270 remiges,
2118 2194 2358 2268 milites,

410 2278 474 2337 in
500 2273 689 2354 altera
718 2276 862 2336 nihil
886 2284 1126 2353 praeter
1154 2276 1396 2338 milites.
1450 2239 1650 2339 Pr’ima
1670 2280 1934 2355 occupat
1953 2280 2164 2353 fugam
2187 2277 2360 2338 cleo-

410 2359 616 2438 patra,
658 2360 964 2423 Antonius
991 2362 1278 2438 fugientis
1306 2363 1557 2438 reginae
1584 2378 1768 2439 quam
1796 2362 2124 2439 pugnantis
2153 2361 2359 2422 militis

411 2447 508 2506 sui
529 2461 738 2507 comes
768 2460 912 2507 esse
938 2447 1150 2507 maluit
1174 2452 1234 2505 et
1261 2446 1592 2522 imperator
1622 2447 1727 2522 qui
1757 2447 1817 2507 in
1841 2446 2191 2509 desertores
2220 2460 2358 2506 sae·

409 2530 539 2590 vire
587 2531 910 2604 debuerat,
969 2530 1249 2590 desertor
1298 2531 1605 2594 exercitus
1655 2532 1753 2592 sui
1801 2532 1999 2594 factus¹
2042 2536 2154 2596 est.
2228 2527 2362 2592 mis

409 2615 588 2674 etiam
617 2615 888 2675 detracto
924 2615 1122 2691 capite
1163 2613 1223 2673 in
1264 2614 1511 2690 longum
1542 2615 1874 2676 fortissime
1902 2609 2360 2691 pugnaudi‘dw

407 2697 568 2763 ravit
586 2699 927 2760 constantia
949 2704 1010 2759 et
1030 2698 1361 2773 desperata
1383 2698 1640 2760 victoria
1666 2700 1727 2759 in
1756 2707 2010 2761 mortem
2031 2697 2359 2759 dimicaba-

345 2792 382 2847 4
407 2786 523 2841 tur.
568 2781 793 2844 Caesar
824 2798 984 2859 quos
1005 2784 1169 2844 ferro
1201 2789 1439 2860 poterat
1465 2783 1827 2858 interimere,
1857 2784 2062 2844 verbis
2090 2781 2362 2841 mulcere

410 2866 666 2939 cupiens
724 2867 1163 2943 clamitansque
1219 2875 1281 2926 et
1336 2856 1709 2928 ostendens
1702 2868 1990 2943 fugisse
2011 2865 2360 2938 Antonium,

410 2950 773 3026 quaerebat,
814 2967 928 3030 pro
974 2968 1097 3028 quo
1139 2958 1202 3012 et
1239 2967 1379 3012 cum
1419 2968 1542 3028 quo
1583 2959 1956 3028 pugnarent,
2012 2958 2074 3012 at
2109 2948 2194 3009 illi
2223 2962 2362 3008 cum

408 3034 515 3094 diu
539 3050 650 3109 pro
679 3036 933 3096 absente
962 3036 1363 3098 dimicassent
1381 3036 1557 3111 duce,
1589 3051 1773 3111 aegre
1801 3036 2146 3097 summissis
2174 3031 2362 3092 armis

408 3132 657 3179 cessere
679 3119 1009 3195 victoriam,
1040 3121 1343 3196 citiusque
1365 3120 1550 3182 vitam
1579 3121 1944 3196 veniamque
1963 3119 2190 3179 Caesar
2218 3130 2359 3191 pro-

404 3202 596 3275 misit,
635 3219 817 3277 quam
847 3204 965 3266 illis
991 3213 1059 3267 ut
1086 3220 1163 3265 ea
1188 3214 1614 3281 precarentur,
1659 3218 2024 3280 persuasum
2051 3208 2179 3272 est3
2223 3200 2360 3260 fuit-

408 3302 532 3362 que
559 3286 620 3346 in
650 3287 941 3349 confesso
969 3289 1193 3356 ,milites
1222 3289 1433 3364 optimi
1473 3289 1888 3365 imperatoris,
1927 3287 2359 3363 imperatorem

407 3371 785 3446 fugacissimi
831 3371 1035 3432 militis
1087 3373 1357 3435 sunctum
1399 3372 1640 3446 officio,
1692 3381 1758 3433 ut
1796 3372 2071 3443 dubites,
2125 3382 2240 3429 suo
2282 3382 2363 3425 an

408 3453 767 3529 cleopatrae
798 3454 1044 3515 arbitrio
1076 3456 1387 3517 victoriam
1417 3463 1865 3533 temperaturus
1896 3455 2100 3525 fuerit,
2146 3451 2248 3527 qui
2282 3451 2364 3511 ad
