2634 3909
303 160 320 167 Φ
402 216 460 279 -6
966 214 1047 280 M
1090 211 1373 276 VELLEI
1412 213 1844 286 PATERem

359 367 639 432 munais
653 324 887 442 primus
903 365 1120 427 Creon.
1161 364 1363 426 Sexta.
1371 326 1751 444 Olympiade,
1769 376 1913 443 post
1926 367 2053 431 duo
2080 377 2142 431 et
2158 368 2374 446 viginti

415 466 616 514 annos
645 466 832 525 quam
842 449 1039 525 prima
1059 450 1393 511 constituta
1405 452 1620 525 fuerat,
1632 450 1952 526 Romulus,
1963 453 2175 515 Martis
2189 455 2372 528 filine,

401 537 575 598 ultus
601 534 855 596 iniurias
879 548 982 594 avi
964 532 1249 594 Romam
1275 534 1488 595 urbem
1498 533 1837 597 Parilibus
1821 554 1884 596 ιιι
1906 536 2134 599 Palatio
2163 538 2372 599 condi·-

415 618 531 693 dit,
562 634 601 679 a
619 627 745 693 quo'
772 626 1049 691 tempore
1086 617 1165 676 ad
1187 632 1301 678 vos
1334 619 1625 679 consules
1658 620 1803 680 anni
1822 628 1972 680 sunt
2006 622 2374 697 septingenti

357 726 370 766 ι
413 702 737 777 octoginta-
757 717 950 769 unus;
986 701 1051 760 id
1075 708 1276 762 actum
1302 709 1449 776 post
1466 702 1708 763 Troiam
1747 712 2000 782 captam·
2021 703 2198 764 aunis
2222 721 2372 780 qua-

356 799 393 851 5
414 786 750 862 dringentis
772 783 1017 858 triginta
1040 791 1295 859 septem.
1350 784 1423 845 Id
1454 783 1651 859 gessit
1676 788 1974 849 Romulus
2007 789 2253 849 adiutus
2288 791 2373 850 le-

410 870 697 945 gionibus
712 868 943 928 Latinis
961 866 1063 928 avi
1084 868 1214 939 sui;
1235 867 1496 928 libenter
1506 869 1670 928 enim
1691 870 1787 931 his
1803 917 1819 945 ,
1846 871 1952 948 qui
1972 870 2056 931 ita
2084 872 2374 948 prodide-

411 962 571 1027 runt,
597 951 986 1025 accesserim,
1003 967 1142 1012 cum
1164 951 1349 1013 aliter.
1361 951 1604 1012 firmare
1615 952 1832 1014 urbem
1843 971 2067 1016 novam
2080 963 2204 1017 tam
2224 955 2370 1016 vici-

413 1037 511 1098 nis
527 1034 886 1097 Veientibus
911 1034 1573 1114 aliisqueEtruscisac
1599 1034 1844 1097 Sabinis
1878 1054 2021 1098 cum
2060 1039 2285 1100 imbelli
2310 1047 2374 1098 et

415 1120 710 1196 pastorali
730 1135 917 1180 manu
938 1119 1045 1179 vix
1066 1119 1348 1198 potuerit,
1374 1134 1747 1195 quamquam
1762 1131 1898 1180 eam
1909 1120 2090 1198 asylo
2105 1123 2265 1182 facto
2282 1124 2374 1181 in-

413 1210 505 1263 ter
523 1202 687 1266 duos
709 1202 1096 1270 lucosnauxit.
1135 1202 1249 1262 Hic
1273 1208 1516 1262 emtum
1536 1202 1818 1264 homines
1836 1205 2079 1266 *electos
2104 1206 2375 1280 appella-

353 1323 360 1328 ·
412 1294 637 1362 tesque
661 1292 869 1362 patres
896 1288 1088 1345 instar
1100 1284 1314 1346 habuit
1343 1285 1562 1347 consili
1589 1286 1836 1362 publici.
1877 1288 2049 1348 Hanc
2076 1289 2373 1363 originem

414 1385 637 1432 nomen
652 1370 1043 1466 patriciorum
1051 1369 1254 1431 habet
1280 1369 1517 1446 Raptus
1532 1369 1834 1445 virginum
1846 1370 2213 1433 Sabinarum
2228 1370 2260 1408 *¹
2275 1369 2304 1403 *
2318 1371 2374 1435 *.

581 1453 613 1490 *
642 1454 675 1489 *
704 1452 737 1489 '⁸‘
783 1454 932 1517 Ν.θα
964 1453 1165 1513 minus
1188 1453 1411 1513 clarus
1426 1465 1503 1514 ea
1534 1460 1897 1530 tempestate
1940 1454 2052 1516 fuit
2089 1455 2374 1564 Miltiadis

413 1537 837 1600 filiusssimon
878 1533 1482 1578 **********

355 1633 390 1688 1
491 1668 495 1674 -
581 1620 681 1681 IX.
770 1618 802 1657 *
833 1618 867 1659 *
895 1619 929 1660 *
956 1620 988 1657 *
1014 1619 1491 1697 quamtimuerat
1502 1620 1732 1694 hostis
1763 1624 2015 1699 expetit.
2044 1622 2193 1683 Nam
2209 1623 2372 1682 bien

414 1704 520 1769 nio
539 1705 702 1767 adeo
728 1706 900 1783 varia
926 1705 1171 1766 fortuna
1194 1719 1334 1766 cum
1358 1705 1713 1765 consulibus
1738 1705 2128 1779 conflixerat,
2160 1715 2225 1766 ut
2246 1708 2376 1780 ple·

414 1804 675 1865 rumque
724 1789 1010 1864 superior
1049 1787 1231 1850 luerit
1268 1801 1680 1864 magnamque
1719 1798 1955 1863 partem
1982 1788 2278 1853 Graeciae
2313 1790 2373 1849 in

358 1884 394 1937 2
416 1875 772 1935 societatem
791 1885 978 1934 suam.
996 1871 1377 1947 perduceret.
1407 1872 1592 1946 ‘Quin
1607 1871 1830 1933 Rhodii
1842 1887 2114 1949 quoque,
2145 1872 2374 1932 fidelis-

357 2007 360 2012 ,
417 1956 555 2017 simi
599 1964 779 2017 antea
808 1955 1135 2029 Romame,
1186 1962 1314 2016 tum
1350 1955 1541 2017 ,dubia
1580 1955 1703 2016 fide
1730 1956 2030 2030 speculati
2073 1957 2376 2016 fortunam

420 2038 743 2115 proniores
772 2039 936 2114 regis
968 2039 1240 2114 partibus
1272 2038 1467 2102 tuisse
1495 2039 1612 2099 visi
1644 2047 1817 2113 sunt,
1848 2047 1912 2099 et
1937 2056 2050 2116 rex
2068 2038 2376 2099 Eumenes

413 2124 477 2183 in
505 2137 581 2184 eo
609 2122 771 2183 bello
799 2122 1040 2184 medius
1071 2123 1226 2197 [fuit]
1257 2121 1461 2184 animo
1490 2138 1694 2197 neque
1735 2123 1933 2184 fratris
1960 2122 2146 2184 initiis
2177 2137 2377 2197 neque

360 2219 396 2274 3
418 2222 571 2268 suae
610 2205 934 2282 respondit
972 2204 1421 2268 consuetudini.
1489 2205 1644 2267 Tum
1679 2213 1931 2268 senatus
1982 2205 2376 2283 populusque

416 2291 731 2351 Romanus
773 2289 840 2349 L.
869 2290 1189 2350 Aemilium
1229 2289 1512 2363 Paulum,
1556 2290 1660 2365 qui
1710 2298 1771 2350 et
1798 2298 2044 2366 praetor
2073 2297 2133 2350 et
2160 2293 2378 2352 consul

413 2373 916 2449 triumphaverat,
961 2374 1157 2434 virum
1200 2373 1259 2431 in
1290 2380 1520 2443 tantum
1546 2374 1921 2435 laudandum
1935 2419 1951 2447 ,
1993 2374 2053 2433 in
2086 2381 2378 2447 quantum

416 2458 683 2533 intellegi
711 2459 905 2518 virtus
928 2465 1167 2533 potest,
1197 2459 1516 2517 consulem
1536 2458 1801 2531 creavit,
1831 2455 2022 2517 filium
2044 2457 2178 2516 eius
2191 2454 2374 2530 Pauli,

419 2542 526 2619 qui
555 2542 638 2604 ad
665 2541 907 2602 Cannas
933 2556 1116 2617 quam
1144 2541 1621 2615 tergiversanter
1650 2540 2057 2616 perniciosam
2087 2538 2378 2615 reipubli-

358 2638 395 2695 4
421 2642 532 2687 cae
560 2641 828 2702 pugnam
856 2625 1099 2697 inierat,
1130 2631 1254 2686 tam
1279 2624 1516 2686 fortiter
1542 2624 1604 2683 in
1633 2640 1711 2685 ea
1735 2630 1991 2685 mortem
2021 2622 2274 2684 obierat.
2316 2625 2376 2683 Is

413 2702 667 2770 Persam
706 2709 935 2785 ingenti
983 2708 1217 2783 proelio
1261 2709 1430 2783 apud
1466 2708 1679 2770 urbem
1726 2707 1969 2768 nomine
1998 2706 2278 2786 Pydnam
2316 2709 2375 2767 in

415 2791 784 2854 Macedonia
804 2793 1430 2867 fusumsugatumque
1447 2792 1665 2853 castris
1688 2792 1856 2852 exuit
1876 2790 2222 2868 deletisque
2243 2791 2377 2852 eius

420 2875 618 2951 copiis
645 2876 998 2939 destitutum
1023 2875 1188 2940 omni
1215 2891 1333 2951 spe
1355 2876 1556 2949 coegit
1583 2873 1996 2948 eMacedonia
2016 2877 2377 2951 profugere,

421 2971 605 3033 quam
628 2959 732 3021 ille
749 2958 1074 3037 linquens
1057 2976 1120 3020 ιιι
1159 2959 1417 3021 insulam
1446 2958 1922 3020 Samothraciam
1947 2961 2215 3036 profugit
2229 2966 2375 3017 tem

365 3043 632 3119 piique
661 3058 732 3103 se
759 3044 1036 3119 religioni
1064 3043 1408 3119 supplicem
1437 3042 1712 3105 eredidit.
1766 3045 1869 3104 Ad
1896 3058 2036 3105 eum
2065 3043 2170 3103 Gn.
2201 3035 2375 3102 Octa·

418 3127 558 3188 vius
584 3134 850 3201 praetor,
881 3127 985 3204 qui
1009 3127 1196 3190 classi
1224 3133 1522 3203 praeerat,
1557 3127 1834 3202 pervenit
1853 3134 1913 3188 et
1931 3127 2164 3188 ratione
2185 3123 2379 3198 magis

422 3226 610 3286 quam
651 3210 713 3269 vi
744 3212 1076 3286 persuasit,
1112 3219 1186 3285 ,ut
1229 3228 1299 3272 se
1325 3212 1740 3273 Romanorum
1779 3211 1924 3272 fidei
1962 3209 2379 3279 committeret.

363 3302 399 3355 5
421 3295 515 3356 Ita
541 3289 768 3356 Paulus
796 3294 1124 3356 maximum
1150 3293 1721 3369 nobilissimumque
1747 3301 1956 3369 negem·
1984 3294 2045 3352 in
2073 3290 2379 3366 triumpho

425 3378 624 3442 duxit·
671 3377 806 3453 Quo
822 3393 981 3440 anno
998 3376 1295 3440 et³Octavi
1306 3378 1610 3455 praetoris
1640 3375 1880 3440 navalis.
1897 3384 1956 3437 et
1966 3377 2146 3437 Anici
2175 3390 2380 3450 reg-em

423 3461 772 3541 Illyriorum
799 3461 1079 3525 Gentium
1126 3470 1268 3524 ante
1317 3471 1573 3524 currum·
1602 3460 1839 3537 agentis
1878 3460 2175 3538 triumphi
2208 3461 2380 3522 fuere
