2634 3909
637 173 1054 238 HISTORIAE
1084 173 1471 240 ROMANAE
1499 173 1580 249 11,
1620 171 1818 240 ‘la-17.
2126 173 2209 239 61

254 321 533 389 Caesaris
562 344 761 402 arma,
802 327 1071 390 mamvus
1110 327 1338 388 bimum
1359 326 1843 396 hunc,Tibcrium
1867 328 2211 406 Caesarem,

253 413 558 474 vindicem
589 413 846 473 Romani
887 412 1135 487 imperi,
1176 413 1572 485 futurumque
1611 411 1890 472 eiusdem
1928 411 2213 476 Caesaris

256 495 726 571 filiumgestans
757 498 925 568 sinu,
961 512 1071 571 per
1103 495 1245 558 avia
1273 495 1555 556 itinerum
1578 495 1781 557 vitatis
1802 496 2056 560 militum
2084 500 2213 572 gla-

256 581 372 641 diis
403 596 524 640 uno
557 580 909 653 comitante,
942 595 1067 655 quo
1097 580 1336 639 facilius
1364 580 1771 640 occultaretur
1792 581 1964 655 fuga,
1997 595 2214 655 perve-

256 666 344 724 nit
371 665 449 723 ad
479 680 646 723 mare
680 673 742 724 et
769 679 907 725 cum
950 663 1080 724 viro
1109 664 1355 723 Nerone
1381 669 1671 737 pervecta
1689 664 1771 735 ‚in
1800 663 2068 724 Siciliam
2099 674 2213 728 est.

420 747 681 824 LXXV1,
729 748 903 820 Quod
934 748 1133 808 alieno
1164 747 1575 809 testimonium
1602 747 1955 821 redderem,
1985 764 2061 809 eo
2091 766 2214 810 non
2239 767 2269 820 1

258 832 552 892 fraudabo
585 847 767 891 avum
797 847 1027 891 meum:
1072 833 1306 907 quippe
1338 831 1400 891 C.
1431 830 1707 893 Velleius
1737 829 2214 894 honoratissimo
2262 867 2271 876 ›

255 918 411 977 inter
440 916 581 977 illos
609 913 1267 990 trecentossexaginta
1288 915 1527 975 iudices
1557 915 1697 976 loco
1728 931 1767 975 a
1789 916 1892 975 Cn.
1917 916 2215 992 Pompeio

257 1002 452 1060 lectus
470 1045 485 1072 ‚
518 999 792 1059 eiusdem
822 1000 1137 1074 Marcique
1170 1000 1341 1060 Bruti
1374 1014 1446 1058 ac
1467 999 1553 1060 Ti.
1582 998 1841 1060 Neronis
1868 1004 2219 1082 praefectus

258 1084 494 1145 fabrum
511 1128 527 1157 ,
562 1083 651 1143 vir
672 1085 819 1144 nulli
842 1083 1155 1144 secundus
1170 1130 1187 1158 ‚
1216 1084 1279 1144 in
1296 1083 1631 1158 Campania
1657 1084 1945 1158 digressu
1956 1086 2217 1147 Neronis

259 1186 296 1228 a
324 1168 575 1242 Neapoli
591 1214 606 1242 ‚
639 1169 814 1229 cuius
847 1168 927 1228 ob
958 1169 1331 1243 singularem
1354 1184 1491 1228 cum
1514 1183 1591 1227 eo
1616 1167 1937 1228 amicitiam
1958 1168 2219 1245 partium

219 1311 226 1318 .
260 1253 498 1313 adiutor
537 1253 762 1326 fuerat,
806 1253 1011 1327 gravis
1052 1255 1173 1312 iam
1202 1259 1401 1313 aetate
1442 1258 1504 1312 et
1532 1265 1797 1326 corpore
1836 1268 1977 1314 cum
2006 1268 2217 1314 comes

260 1352 401 1397 esse
450 1353 574 1397 non
617 1345 863 1411 posset,
915 1337 1119 1410 gladio
1168 1351 1238 1396 se
1286 1337 1427 1412 ipse
1474 1334 1800 1397 transfixit.
1863 1337 2221 1397 Inviolatam
2241 1345 2276 1398 2

261 1420 563 1480 excedere
593 1419 764 1479 Italia
794 1419 1021 1482 Caesar
1045 1435 1288 1495 -passus
1314 1420 1588 1481 Fulviam
1614 1420 2058 1496 Plancumque,
2089 1437 2221 1482 mu·

260 1503 468 1564 liebris
512 1503 695 1577 fugae
736 1503 1050 1572 comitem3
1092 1519 1228 1564 nam
1272 1504 1467 1565 Pollio
1507 1505 1759 1565 Asinius
1804 1521 1943 1565 cum
1984 1514 2222 1579 septem

261 1585 638 1661 legionibuS‚
682 1586 787 1645 diu
813 1594 1047 1647 retenta
1073 1587 1134 1646 in
1169 1595 1473 1662 potestate
1512 1589 1738 1649 Antoni
1765 1587 2052 1662 Venetia,
2096 1605 2221 1648 ma·

262 1671 400 1745 gnis
430 1670 1070 1746 speciosisquerebus
1102 1671 1545 1732 circaAltinum
1561 1671 1838 1745 aliasque
1866 1671 2001 1732 eius
2022 1674 2221 1745 regio·

263 1755 357 1815 nis
373 1754 541 1813 urbis
556 1754 736 1815 editis
753 1800 767 1825 ‚
797 1755 1129 1815 Antonium
1155 1764 1402 1829 petens,
1425 1770 1649 1829 vagum
1662 1754 1865 1814 adhuc
1879 1753 2221 1826 Domitium,

267 1854 449 1913 quem
466 1838 808 1913 digressum
824 1839 1175 1899 eBrutianis
1193 1840 1412 1899 castris
1427 1846 1573 1913 post
1601 1839 1855 1899 caedem
1883 1839 2016 1899 eius
2048 1854 2222 1913 prae·

264 1922 529 1982 diximus
559 1930 620 1982 et
657 1923 947 1997 propriae
978 1923 1197 1984 classis
1228 1925 1453 1983 factum
1495 1924 1743 1994 ducem,
1791 1922 2064 1983 consiliis
2093 1925 2224 1983 suis

265 2006 550 2066 iniectum
579 2021 652 2066 ac
681 2006 804 2066 fide
834 2007 978 2067 data
1006 2007 1204 2068 iunxit
1225 2007 1528 2076 Antoni03
1560 2023 1685 2082 quo
1714 2007 1908 2080 facto,
1940 2008 2223 2083 quisquis

265 2106 531 2165 aequum
570 2106 642 2151 se
673 2091 1066 2165 praestiterit,
1110 2092 1266 2151 sciat
1315 2107 1440 2151 non
1502 2091 1721 2154 minus
1752 2106 1792 2150 a
1838 2090 2112 2156 Pollione
2163 2093 2225 2152 in

262 2174 594 2235 Antonium
626 2190 809 2248 quam
836 2175 914 2233 ab
943 2174 1210 2235 Antonio
1252 2174 1315 2234 in
1345 2174 1681 2235 Pollionem
1720 2190 1865 2236 esse
1895 2178 2223 2237 conlatum.

264 2258 587 2317 Adventus
629 2258 955 2327 deindein
987 2259 1218 2318 ltaliam
1246 2258 1476 2319 Antoni
1519 2266 1979 2335 apparatusque
2009 2268 2223 2322 contra
2243 2272 2281 2327 3

263 2357 408 2402 eum
450 2340 734 2404 Caesaris
773 2340 998 2404 habuit·
1031 2343 1174 2403 belli
1225 2350 1482 2411 metum3
1532 2344 1646 2404 sed
1674 2361 1799 2419 pax
1840 2344 2003 2405 circa
2028 2345 2222 2407 Brun·

259 2420 512 2486 ‘dusium
542 2424 905 2501 composita.
950 2426 1066 2485 Per
1094 2442 1252 2501 quae
1280 2427 1711 2502 temporaRufi
1726 2427 2059 2488 Salvidieni
2088 2444 2221 2488 see·
2243 2440 2281 2495 4

267 2512 422 2569 testa
450 2510 708 2571 consilia
739 2511 1045 2584 patefacta
1074 2519 1244 2585 sunt,
1279 2512 1383 2586 qui
1419 2519 1596 2573 natus
1621 2511 2080 2572 obscurissimis
2109 2512 2221 2572 ini·-

268 2591 368 2652 tiis
409 2605 621 2667 parum
663 2593 929 2654 habebat
969 2611 1207 2655 summa
1234 2597 1558 2671 accepisse
1599 2602 1661 2654 et
1703 2594 2017 2670 proximus
2049 2611 2087 2654 a
2115 2596 2220 2655 Cn.

263 2676 559 2752 Pompeio
584 2678 848 2751 ipsoque
862 2679 1127 2739 Caesare
1150 2681 1455 2753 equestris
1485 2679 1717 2739 ordinis
1741 2679 1958 2739 consul
1981 2687 2221 2742 creatus

265 2775 440 2833 esse,
485 2760 602 2821 nisi
646 2762 704 2819 in
733 2762 796 2820 id
825 2762 1239 2836 ascendisset,
1284 2779 1321 2822 e
1351 2781 1473 2839 quo
1516 2763 1677 2823 infra‘
1708 2778 1783 2823 se
1808 2770 1871 2824 et
1897 2762 2222 2825 Caesarem

266 2845 505 2904 videret
531 2852 591 2904 et
615 2846 1070 2919 rempublicam.

434 2928 723 2987 LXXVII.
785 2930 933 2989 Tum
964 2927 1393 3006 expostulante
1422 2946 1735 2993 consensu
1763 2933 2004 3007 populi,
2041 2951 2223 3009 quem
2247 2938 2278 2990 1

262 3013 476 3089 gravis
507 3012 723 3071 urebat
749 3013 971 3074 infesto
993 3017 1152 3076 mari
1182 3032 1455 3089 annona,
1486 3031 1627 3077 cum
1646 3014 1937 3092 Pompeio
1970 3033 2220 3093 quoque

265 3099 435 3157 circa
461 3094 765 3156 Misenum
798 3112 919 3174 pax
949 3097 1125 3172 inita,
1164 3101 1266 3176 qui
1295 3102 1461 3161 haud
1491 3100 1786 3174 absurde,
1824 3118 1963 3162 cum
1991 3103 2049 3161 in
2084 3101 2222 3161 navi

266 3181 720 3255 Caesaremque
762 3189 832 3256 ets
850 3182 1180 3244 Antonium
1210 3200 1407 3245 coena
1452 3184 1794 3259 exciperet,
1830 3185 1983 3247 dixit
2022 3188 2081 3244 in
2113 3185 2222 3251 Ga-

263 3266 414 3325 rinis
457 3267 587 3325 suis
620 3279 688 3325 se
732 3280 989 3326 coenam
1017 3269 1194 3342 dare,
1236 3270 1511 3329 referens
1552 3268 1675 3330 hoc
1713 3268 1939 3329 dictum
1982 3269 2059 3327 ad
2105 3266 2227 3326 loci

267 3360 522 3422 nomen,
565 3349 627 3408 in
658 3365 782 3423 quo
812 3357 1067 3424 paterna
1109 3352 1331 3413 domus
1364 3353 1441 3412 ab
1469 3352 1738 3413 Antonio
1772 3350 2224 3425 possidebatur.

269 3432 336 3491 In
361 3433 479 3493 hoc
507 3432 690 3509 pacis
704 3433 962 3494 foedere
978 3436 1208 3512 placuit
1223 3435 1488 3498 Siciliam
1503 3434 2227 3509 AchaiamquePompeio
2250 3440 2288 3492 2
