2634 3909
633 184 1049 280 nlsr'omAs
1090 213 1476 280 Romanu:
1519 218 1602 292 ιι,
1642 216 1853 282 sexa-a
2146 216 2231 282 ω

279 371 413 433 cius
441 370 753 435 arbitrium
782 368 1004 430 direxit
1031 370 1254 446 rugam.
1319 367 1489 429 Idem
1527 369 1766 430 locatus
1805 367 2059 430 interra
2089 371 2231 432 lecit
2257 378 2292 431 5

278 453 616 529 exercitus,
659 469 794 514 cum
835 469 907 514 se
937 451 1226 513 Canidius
1267 450 1585 529 praecipiti
1625 452 1770 528 fuga
1810 453 2119 528 rapuisset
2148 457 2228 515 ad

275 539 627 605 Antonium.

403 619 978 695 Lxxxv1.Quid
1017 621 1120 680 ille
1158 618 1292 680 dics
1339 623 1634 680 terrarum
1664 617 1797 681 orbi
1839 622 2224 697 praestiterit,
2257 630 2288 682 1

275 722 356 767 ex
386 723 512 783 quo
536 706 610 766 in
631 712 816 782 q'uem
843 711 1064 765 statum
1102 705 1446 779 pervenerit
1486 705 1729 766 fortuna
1768 705 2012 781 publica
2025 751 2042 781 ,
2086 707 2226 783 quis

274 791 338 850 in
378 790 497 853 linc
534 797 897 851 transcursu
940 794 1062 852 tam
1101 787 1277 850 artati
1323 788 1557 863 operis
1570 789 1914 865 exprimere
1963 791 2227 852 audeat?

274 875 710 937 Victoriavero
736 873 847 934 fuit
859 872 1331 934 clementissima
1350 887 1471 932 nec
1483 872 1808 950 quisquam
1831 875 2225 950 interemptus
2255 882 2290 935 2

273 958 393 1019 nisi
424 956 782 1034 paucissimi
810 962 872 1016 et
896 955 988 1029 hi,
1032 958 1137 1032 qni
1181 955 1503 1033 deprecari
1544 957 1788 1032 quidem
1831 974 1945 1032 pro
1990 974 2062 1018 se
2101 975 2224 1019 non
2276 979 2285 988 ·

274 1042 664 1104 sustinerent.
697 1041 820 1100 LEx
852 1055 973 1117 qua
1012 1041 1255 1100 lenitate
1298 1039 1476 1100 ducis
1520 1040 1720 1116 colligi
1764 1041 1988 1117 potuit,
2042 1057 2225 1118 quem

275 1134 383 1187 aut
408 1126 578 1187 initio
608 1125 1015 1187 triumviratus
1049 1125 1145 1186 sui
1175 1125 1368 1186 autin
1398 1125 1630 1200 campis
1658 1124 2009 1202 Philippiis,
2051 1127 2106 1186 si
2133 1127 2223 1187 sic

268 1210 577 1286 licuisset,
621 1207 910 1272 victoriae
951 1224 1105 1270 suae
1146 1210 1419 1271 facturus
1460 1209 1642 1269 merit
1670 1210 1936 1270 modum.
2004 1212 2084 1270 At
2112 1209 2224 1271 So·
2253 1216 2288 1269 3

271 1295 434 1357 sium
457 1295 523 1355 L.
553 1294 802 1355 Arrunti
844 1292 1052 1370 prisca
1091 1294 1389 1369 gravitate
1428 1292 1822 1353 celeberrimi·
1848 1294 2036 1369 fides,
2080 1309 2224 1355 mox
2359 1303 2370 1312 ·

270 1379 378 1440 diu
389 1394 527 1440 cum
540 1377 860 1438 clementia
879 1380 1141 1438 luctatus
1161 1393 1281 1437 sua
1291 1377 1522 1437 Caesar
1546 1378 1815 1438 servavit
1842 1379 2223 1444 incolumem.

269 1463 408 1522 Non
439 1468 855 1539 praetereatur
879 1459 1056 1521 Asini
1081 1459 1374 1520 Pollionis
1405 1461 1628 1522 sactum
1656 1469 1717 1522 et
1742 1460 1969 1523 dictum
1996 1477 2223 1523 memo·-
2251 1468 2289 1522 4

267 1546 490 1608 rabilee
530 1559 797 1620 namque
838 1559 976 1604 curn
1018 1559 1089 1604 se
1130 1549 1274 1619 post
1298 1545 1749 1605 Brundusinam
1789 1561 2004 1620 pacem
2032 1548 2222 1607 conti·

269 1632 510 1691 nuisset
552 1630 615 1687 in
643 1628 813 1689 ltalia
850 1641 1053 1702 neque
1094 1632 1199 1687 aut
1240 1626 1498 1688 vidisset
1522 1644 1794 1704 unquam
1820 1631 2094 1703 reginam
2124 1637 2226 1691 aut

266 1722 416 1791 post
445 1719 802 1786 enervatum
830 1726 1039 1780 amore
1067 1711 1204 1771 eius
1229 1712 1458 1771 Antoni
1488 1712 1753 1772 animum
1783 1711 2059 1788 partibus
2089 1714 2223 1774 eius

268 1813 341 1859 se
367 1797 747 1871 miscuisset,
773 1802 1031 1871 rogante
1054 1795 1347 1866 Caesare,
1380 1802 1447 1854 ut
1475 1810 1687 1855 secum
1715 1797 1795 1855 ad
1823 1795 2050 1856 bellum
2077 1813 2220 1871 pro—

266 1882 648 1943 ficisceretur
675 1879 1022 1942 Actiacum=
1065 1894 1231 1954 mea,
1274 1879 1499 1954 inquit,
1545 1879 1605 1938 'm
1630 1879 1964 1941 Antonium
1990 1881 2223 1940 maiora

265 1967 483 2026 merita
509 1972 680 2040 sunt,
723 1965 882 2025 illius
911 1965 972 2024 in
1000 1979 1097 2024 me
1125 1962 1427 2025 beneficia
1459 1963 1729 2035 notiora3
1772 1964 1980 2040 itaque
2007 1964 2221 2026 discri-

267 2050 414 2110 mini
447 2057 656 2111 vestro
684 2065 781 2109 me
809 2048 1162 2110 subtraham
1190 2056 1252 2110 et
1277 2064 1386 2107 ero
1416 2048 1649 2123 praeda
1676 2049 1947 2110 victoris.
2051 2096 2056 2100 .

433 2133 776 2194 Lxxxvll.
839 2132 1127 2193 Proximo
1168 2130 1394 2192 deinde
1437 2147 1596 2193 anno
1649 2141 2014 2208 persecutus
2063 2135 2222 2209 regi·
2254 2144 2282 2196 1

267 2235 409 2278 nam
437 2217 894 2292 Antoniumque
919 2215 1403 2290 Alexandream,
1435 2216 1702 2276 ultimam
1732 2217 1906 2278 bellis
1940 2218 2218 2281 civilibus

266 2297 562 2379 imposuit
578 2301 842 2362 manum.
885 2300 1187 2361 Antonius
1210 2315 1280 2360 se
1307 2300 1446 2375 ipse
1466 2314 1587 2360 non
1610 2302 1878 2376 segniter
1906 2302 2220 2376 interemit,
2248 2311 2283 2365 2

267 2386 428 2447 adeo
455 2392 524 2446 ut
549 2386 738 2446 multa
766 2383 1043 2444 desidiae
1071 2384 1323 2445 crimina
1347 2391 1544 2445 morte
1571 2385 1926 2455 redimeret3
1956 2394 2020 2446 at
2047 2385 2219 2445 Cleo-

265 2477 455 2545 patra.
472 2469 781 2531 frustratis
810 2468 1172 2529 custodibus
1201 2468 1388 2529 inlata
1414 2468 1632 2544 aspide
1662 2469 1745 2542 [in
1774 2475 2008 2541 morsu]
2045 2469 2219 2528 sanie

264 2554 400 2613 eius
443 2568 666 2629 expers
709 2551 1018 2614 muliebris
1059 2559 1257 2613 metus
1299 2553 1577 2629 spiritum
1616 2552 1896 2613 reddidit.
1962 2551 2220 2626 Fuitque
2248 2562 2284 2615 3

265 2642 329 2697 et
357 2637 600 2697 fortuna
640 2646 702 2698 et
728 2637 1047 2698 clementia
1073 2636 1355 2697 Caesaris
1400 2638 1677 2711 dignum,
1721 2637 1889 2712 quod
1929 2651 2108 2696 nemo
2140 2651 2219 2696 ex

265 2720 365 2780 his
398 2720 501 2796 qui
531 2727 742 2781 contra
771 2737 912 2783 eum
941 2733 1111 2781 arma
1136 2723 1423 2793 tulerant,
1469 2721 1545 2781 ab
1576 2735 1651 2781 eo
1688 2721 1940 2780 iussuve
1969 2720 2102 2780 eius
2130 2720 2228 2779 ina·

265 2810 605 2879 teremptus
649 2810 806 2878 [esox
855 2807 928 2866 D.
957 2806 1210 2865 Brutum
1249 2805 1495 2865 Antoni·
1519 2804 1816 2866 interemit
1854 2801 2215 2876 crudelitas3

267 2886 333 2948 S.
354 2886 706 2962 Pompeium
737 2888 814 2949 ab
842 2903 919 2950 eo
948 2889 1251 2950 devictum
1280 2888 1442 2949 idem
1464 2887 1771 2950 Antonius
1801 2903 1937 2948 cum
1961 2888 2217 2965 dignita·

263 2970 345 3032 tis
377 2979 630 3047 quoque
656 2972 998 3033 servandae
1026 2971 1303 3034 dedisset
1332 2973 1535 3045 tidem,
1565 2971 1742 3033 etiam
1771 2972 1992 3048 spiritu
2018 2976 2217 3049 priva·
2272 2987 2280 3026 :

263 3053 382 3129 vit3
432 3057 658 3117 Brutus
696 3062 758 3117 et
785 3055 1034 3118 Cassius
1073 3063 1214 3118 ante
1257 3073 1441 3132 quam
1478 3058 1771 3118 victorum
1799 3059 2220 3134 experirentur

265 3142 565 3215 animum,
606 3139 950 3202 voluntaria
990 3149 1182 3203 morte
1212 3141 1522 3212 obierunt3
1573 3140 1799 3201 Antoni
1829 3142 2214 3218 Cleopatrae·
2272 3163 2283 3196 ι

267 3237 389 3300 que
438 3224 578 3301 quis
628 3225 849 3287 fuisset
877 3224 1096 3286 'exitus
1143 3225 1557 3296 narravimus·
1612 3224 1898 3287 Canidius
1948 3223 2214 3287 timidius

171 3329 174 3334 ·
264 3306 562 3382 decessit,
617 3324 801 3386 quam
844 3308 1215 3385 professioni
1254 3310 1389 3369 eius
1429 3324 1553 3384 qua
1592 3323 1838 3386 semper
1875 3324 2025 3371 usus
2067 3312 2269 3379 erat,

263 3393 668 3466 congruebat,
723 3392 967 3456 ultimus
1019 3399 1220 3454 autem
1268 3408 1347 3453 ex
1398 3393 1885 3508 interfectoribus
1934 3389 2214 3451 caesaris

1808 3485 1841 3537 5
