2634 3909
800 211 999 268 FRID.
1031 212 1299 263 HAASII
1329 209 1806 263 PRAEFATIO.
2121 232 2127 237 ·
2309 224 2347 257 v

278 349 614 401 bibliothecae
644 350 818 417 regiae
843 350 1270 409 Vratislaviensis‚
1309 366 1339 400 e
1376 365 1475 415 quo
1511 349 1742 400 intellexi
1770 351 2161 416 discrepantiam
2190 348 2349 406 illam,

280 433 431 483 quam
497 421 690 486 primus
741 418 954 470 Orellius
1024 420 1375 470 animadvertit
1427 420 1478 468 in
1550 420 1765 469 diversis
1834 420 2060 469 eiusdem
2116 419 2350 470 editionis

281 488 527 554 exemplis
558 488 883 554 deprehendi,
923 503 1024 539 non
1047 504 1246 538 omnem
1283 489 1346 537 ab
1378 503 1438 537 eo
1474 496 1698 537 notatam
1733 501 1865 540 esse.
1937 486 2349 538 Vratislaviensis

280 559 416 608 enim
450 558 578 607 liber
610 572 729 623 pag.
783 554 871 609 37.
923 574 972 608 v.
1027 558 1107 609 11.
1147 558 1233 622 qui
1271 557 1414 607 loeus
1459 563 1537 606 est
1571 555 1658 610 lib.
1685 557 1779 616 ·11,
1832 561 1882 606 c:
1922 555 2018 617 35,
2063 554 2114 607 2.
2166 556 2345 607 habet:

278 627 414 677 homo
447 629 624 678 virtuti
653 628 946 687 studuimus,
982 627 1072 676 nbi
1101 629 1153 677 in
1191 625 1309 676 aliis
1347 640 1447 674 non
1480 626 1667 691 legitur
1701 625 1867 691 home,
1909 626 2003 676 sed
2035 641 2151 676 non.
2223 627 2348 675 Item

282 695 369 747 lib.
406 693 477 757 11,
517 713 561 746 c.
595 692 692 755 83,
740 694 794 749 2.
822 695 951 761 pag.
989 694 1079 747 47.
1120 711 1167 744 v.
1210 692 1292 747 13.
1329 696 1381 744 in
1420 695 1598 744 eodem
1634 695 1763 744 libro
1809 693 2020 759 legitur:
2069 697 2344 761 iqnoverat.

279 765 428 814 Hunc
473 780 590 816 moae
641 766 962 824 auunculum,
1017 765 1105 814 ubi
1150 766 1202 813 in
1246 765 1387 814 altiss
1441 763 1577 813 Mox
1621 773 1785 814 autem
1826 762 1954 813 hunc
1986 778 2036 813 a.
2113 763 2346 813 Ceterum

281 849 586 897 quamquam
618 834 893 898 plurimum
927 833 1252 884 tribuendum
1291 841 1367 883 est
1401 830 1643 882 Rhenano
1682 841 1730 883 et
1760 831 1995 893 Burerio,
2037 847 2143 882 non
2175 838 2346 882 tamen

279 903 426 953 eredo
462 919 590 967 quae
636 903 834 953 silentio
870 901 1109 951 Burerius
1149 903 1453 959 transmisit,
1502 916 1562 951 ea
1612 902 1781 952 omnia
1825 903 1897 952 ita
1939 903 1993 953 in
2028 901 2347 952 Murbacensi

278 972 451 1022 codice
481 973 669 1036 scripta
705 972 866 1021 fuisse
897 979 954 1020 ut
990 978 1107 1021 sunt
1139 973 1192 1020 in
1229 973 1450 1021 editione
1481 972 1736 1038 principet
1789 980 1839 1020 et
1877 977 1934 1020 ut
1965 970 2068 1027 alia
2101 971 2344 1027 omittam,

278 1042 574 1092 correctoris
605 1049 738 1090 certe
773 1054 952 1089 manus
988 1040 1152 1104 qualis
1189 1042 1242 1090 in
1280 1040 1454 1090 codice
1487 1039 1667 1098 fuerit,
1718 1054 1819 1089 non
1853 1047 2021 1104 potest
2053 1056 2117 1089 ex
2151 1038 2346 1091 Burerii

278 1111 598 1160 adnotatione
634 1109 894 1175 cognosci,
951 1119 1006 1158 ut
1040 1111 1315 1159 verendum
1351 1109 1442 1167 sit,
1498 1121 1563 1157 ne
1594 1108 1723 1158 forte
1752 1100 1982 1157 Rhenani
2017 1107 2100 1158 vel
2134 1108 2234 1158 alia
2267 1123 2346 1157 re—

276 1180 470 1228 centior
497 1193 676 1228 manus
704 1178 935 1228 fraudem
965 1178 1013 1227 ei
1043 1178 1242 1237 fecerit,
1278 1178 1428 1226 sicuti
1461 1175 1593 1227 Phil.
1631 1176 1866 1227 Beroaldi
1893 1192 2073 1227 manus
2104 1178 2155 1227 in
2186 1177 2345 1227 Taciti

276 1249 449 1314 codice
509 1246 796 1300 Gorbeiensi
854 1246 1023 1296 multis
1079 1247 1326 1297 vetustior
1373 1247 1485 1295 visa
1537 1254 1627 1295 est.
1727 1246 1899 1310 Ipsum
1950 1261 2069 1296 vero
2117 1246 2345 1296 codicem

275 1316 653 1367 Murbacensem
703 1316 939 1378 equidem
994 1318 1175 1380 opinor
1223 1313 1396 1365 seculo
1451 1312 1537 1363 XI.
1593 1313 1676 1364 vel
1729 1316 1882 1364 etiam
1934 1314 2044 1364 ΧΠ.
2100 1316 2345 1378 scriptum

275 1400 420 1446 esse3
484 1383 565 1434 his
619 1386 750 1435 enim
800 1384 989 1434 seculis
1041 1401 1076 1434 a
1122 1385 1320 1434 litterae
1365 1390 1525 1435 forma
1562 1383 1691 1433 haec
1730 1398 1812 1444 ce,
1871 1384 1934 1433 de
1986 1399 2086 1446 qua
2136 1391 2346 1433 testatur

272 1454 531 1514 Burei-ius»,
571 1454 812 1518 usurpari
843 1454 1092 1517 paulatim
1128 1454 1291 1505 desita
1328 1461 1422 1511 est,
1458 1451 1745 1518 longiorum
1777 1461 1946 1503 autem
1978 1452 2343 1504 vocabulorum

274 1524 577 1587 compendia
615 1523 766 1581 talia,
826 1522 999 1585 qualia
1041 1524 1094 1571 in
1141 1524 1315 1572 codice
1367 1521 1528 1571 fuisse
1574 1524 1701 1572 satis
1748 1531 1941 1571 certum
1996 1529 2102 1581 est,
2158 1522 2341 1571 iisdem

274 1592 487 1644 seculis-
504 1590 811 1652 frequentari
849 1599 1060 1655 coepta3
1112 1598 1291 1654 postea
1339 1591 1494 1655 igitur
1543 1606 1675 1653 quae
1720 1590 2036 1642 invaluerunt
2087 1592 2344 1641 scribendi
2387 1615 2398 1626 ·

185 1658 188 1661 ’
272 1674 490 1725 genera,
521 1674 621 1707 non
654 1668 869 1724 possunt
902 1660 970 1709 ad
1001 1660 1343 1724 indagandam
1379 1660 1754 1724 depravationis
1808 1660 2057 1725 originem
2096 1659 2339 1720 adhiberi.

273 1729 379 1779 Sed
411 1728 756 1778 Murbaeensis
792 1726 909 1777 libri
955 1730 1169 1793 scriptor
1219 1729 1451 1792 quamvis
1501 1742 1656 1792 saepe
1707 1728 2020 1791 multumque
2071 1727 2344 1791 deliquerit

273 1798 620 1857 festinatione,
673 1794 988 1862 negligentia
1003 1832 1018 1856 ‚
1067 1798 1268 1847 inseitia
1284 1834 1299 1857 ‚
1368 1795 1568 1846 videtur
1617 1803 1786 1846 tamen
1836 1798 2085 1846 vetustius
2144 1812 2342 1859 quoque

271 1867 559 1931 exemplum
578 1901 592 1925 ‚
633 1880 732 1928 quo
768 1863 857 1915 ille
890 1881 1015 1916 usus
1050 1873 1153 1925 est,
1207 1869 1329 1918 satis
1368 1866 1666 1916 mendosum
1701 1865 1864 1916 fuisse
1900 1874 1950 1916 et
1984 1864 2165 1918 litteris
2208 1867 2340 1924 eius-

271 1936 412 1985 modi
455 1936 698 2000 scriptum
719 1971 732 1992 ‚
790 1949 920 1997 quae
958 1934 1122 1985 seculi
1161 1935 1249 1986 ΧΙ.
1305 1933 1389 1984 vel
1433 1933 1541 1984 XII.
1591 1933 1794 1985 librario
1848 1935 2050 1985 indocto
2098 1934 2341 1984 obscurae

271 2012 462 2062 essent3
513 2006 660 2054 euius
695 2004 771 2053 rei
802 2004 1076 2054 manifesta
1123 2014 1239 2054 sunt
1287 2004 1494 2053 indicia.
1565 2004 1848 2054 Tironianis
1883 2019 2006 2054 vero
2046 2005 2180 2054 notis
2214 2005 2339 2058 scri·

268 2082 412 2139 ptum
446 2073 609 2123 fuisse
641 2072 825 2122 librum
873 2071 1018 2123 illum
1061 2080 1333 2131 veterem,-
1371 2086 1468 2135 ego
1519 2073 1800 2124 coniectare
1846 2086 1948 2123 non
2005 2072 2197 2136 audeo,
2252 2074 2341 2135 qui

244 2143 457 2192 'librum
500 2141 652 2191 talem
695 2151 953 2205 nunquam
1005 2141 1247 2193 viderimz
1303 2140 1513 2191 facilius
1552 2142 1616 2191 de
1655 2141 1986 2206 merovingici
2018 2142 2219 2205 generis
2255 2141 2339 2191 lit-

269 2213 391 2261 teris
430 2211 725 2261 minusculis
771 2211 905 2260 lectu
932 2210 1220 2261 difficilibus
1250 2210 1497 2259 assentiar
1524 2210 1746 2275 Hauptio
1784 2212 1947 2259 amico
1995 2210 2339 2267 dilectissimo,

272 2293 578 2343 quamquam
616 2279 1005 2343 huiuanuoque
1042 2281 1320 2345 scripturae
1362 2287 1496 2328 certa
1539 2279 1724 2329 indicia
1774 2294 1834 2329 eo
1873 2280 2041 2345 magis
2076 2294 2157 2329 me
2193 2278 2337 2343 fuge-

267 2356 416 2410 runt,
450 2350 585 2411 quod
620 2349 722 2397 iam
757 2355 913 2398 antea.
937 2349 1190 2412 reperisse
1227 2347 1351 2397 mihi
1392 2347 1601 2397 videbar
1636 2348 1755 2397 libri
1792 2348 1963 2411 illius„
2001 2364 2030 2400 e
2065 2363 2164 2411 quo
2203 2347 2339 2396 Mur-

269 2418 501 2468 bacensis
555 2418 728 2477 fluxit,
789 2417 1116 2466 litteraturam
1181 2417 1346 2467 fuisse
1398 2416 1836 2480 longobardicam3
1911 2426 2209 2482 argumento
2263 2425 2341 2467 est

269 2487 486 2551 insignis
522 2502 581 2535 ac
605 2486 780 2538 multis
816 2485 1064 2550 exemplis
1098 2488 1294 2549 prodita
1330 2493 1350 2534 t
1385 2486 1590 2535 litterae·
1607 2486 1918 2550 depravatio,
1956 2487 2100 2535 cuius
2124 2486 2338 2535 formam

273 2556 681 2621 longobardicam
724 2555 849 2604 satis
887 2555 1026 2605 illam
1073 2556 1381 2619 singularem
1416 2569 1531 2604 cum
1566 2553 1925 2605 variis-modIs
1961 2553 2130 2604 scriba
2166 2561 2336 2619 poste-

267 2625 371 2674 rior
410 2626 846 2689 interpretaretur,
892 2623 1237 2688 multiplieiter
1288 2624 1466 2687 lapsus
1512 2632 1605 2677 est.
1677 2624 1788 2673 Non
1829 2631 1994 2673 ψαύω
2048 2638 2180 2672 nnnc
2227 2637 2337 2672 eam

266 2707 374 2744 rem
409 2694 690 2743 accuratius
728 2694 992 2757 persequi,
1052 2708 1201 2754 quam
1234 2699 1283 2742 et
1317 2692 1469 2742 facile
1507 2700 1584 2741 est
1629 2692 1876 2757 exemplis
1899 2691 2150 2742 ’collectis
2202 2707 2337 2742 com-

266 2763 512 2827 probare,
564 2770 613 2813 et
647 2762 768 2811 utile
801 2763 850 2811 in
870 2761 1187 2817 ,emendandi
1227 2762 1432 2826 negotio
1466 2774 1569 2810 non
1617 2761 1910 2827 negligere3
1962 2762 2034 2810 ita
2084 2762 2220 2811 enim
2260 2763 2335 2811 in-

263 2830 440 2882 tellexi
473 2832 562 2883 lib.
597 2832 672 2888 11,
719 2827 763 2881 cl
803 2826 901 2890 46,
942 2831 993 2881 1.
1036 2830 1219 2895 spretis
1257 2839 1305 2880 et
1354 2829 1569 2879 aliorum
1616 2831 1916 2880 coniecturis
1965 2838 2014 2879 et
2058 2846 2173 2880 mea
2214 2832 2336 2881 olim

262 2901 463 2973 prolata
514 2900 664 2949 unice
703 2915 874 2949 veram
928 2900 1211 2950 habendam
1261 2913 1373 2948 esse
1407 2898 1576 2949 Ursini
1623 2899 2009 2956 divinationem,
2060 2902 2148 2963 qui
2198 2909 2337 2951 vetus
2365 2962 2375 2968 ⁶

264 2970 472 3034 scripsit
505 2983 597 3034 pro
639 2983 697 3017 eo
735 2969 872 3032 quod
903 2970 956 3018 in
995 2969 1168 3018 codiee
1205 2968 1302 3018 fuit
1336 2969 1520 3025 victus,·
1566 2975 1615 3017 et
1662 2967 1750 3018 lib.
1771 2968 1811 3027 Ι,
1854 2984 1898 3018 c.
1937 2966 2031 3026 17,
2073 2968 2123 3019 5.
2168 2969 2335 3019 locum

264 3039 480 3089 multum
520 3036 756 3089 vexatum
808 3046 946 3087 certa
1004 3037 1128 3087 mihi
1176 3040 1309 3087 nune
1331 3037 1699 3087 ’emendatione
1735 3049 1943 3087 sanasse
1976 3037 2179 3097 videor3
2221 3051 2333 3088 eum

264 3110 396 3158 enim
424 3109 490 3156 «in
533 3107 706 3156 codiee
743 3106 893 3157 fuerit
933 3106 1013 3157 vel
1050 3123 1172 3172 mq.,
1211 3114 1267 3156 ut
1301 3106 1571 3164 BureriuS,
1607 3105 1686 3156 vel
1720 3109 1840 3171 inq„
1880 3111 1937 3170 ut
1972 3106 2335 3157 Amerbachius

261 3177 497 3242 scripsit,
548 3176 686 3225 haud
722 3175 875 3225 dubie
910 3176 1181 3242 legendum
1221 3182 1296 3225 est
1332 3178 1492 3232 intra,
1552 3191 1651 3238 quo
1703 3177 1905 3225 invento
1950 3175 2146 3239 reliqua
2194 3175 2336 3226 facili

262 3246 470 3312 negotio
510 3245 866 3309 expediuntur.
1545 3293 1550 3302 ¹

401 3313 639 3364 Alienum
688 3323 764 3363 est
809 3314 871 3363 ab
925 3313 1023 3363 hoc
1071 3313 1181 3363 loco
1229 3305 1524 3377 singulatim
1580 3311 1865 3377 explicare,
1929 3313 2111 3376 quibus
2148 3312 2333 3375 ubique

264 3384 544 3433 rationibus
586 3383 764 3431 ductus
805 3396 968 3450 meam
1007 3381 1231 3445 aliquam
1271 3389 1356 3430 aut
1393 3379 1608 3430 alienam
1640 3382 1940 3431 sententiam
1975 3387 2175 3430 secutus
2206 3382 2330 3437 sim;

260 3467 469 3517 operam
516 3458 683 3502 autem
729 3451 874 3514 dedi,
929 3459 984 3500 ut
1033 3451 1279 3514 quidquid
1330 3459 1446 3515 post
1495 3450 1669 3500 Kritzii
1725 3450 1995 3500 editionem
2045 3448 2330 3513 diligentis-
