2634 3909
400 174 486 238 58
942 173 1030 232 Μ.
1061 171 1358 234 -VELLEI
1398 171 1829 234 PATDRCU'LI

402 325 465 388 in
502 325 926 387 Macedoniam
966 333 1029 385 et
1067 324 1235 401 apud
1271 324 1486 385 urbem
1523 323 1841 402 Philippos
1883 337 2021 387 cum
2061 325 2143 387 M.
2172 325 2363 389 Bruto

405 411 746 485 Cassioque
770 409 901 471 acie
924 415 1380 471 concurrerunt.
1434 407 1636 468 Cornu
1651 453 1666 481 ‚
1692 409 1792 469 cui
1812 406 2038 471 Brutus
2063 420 2363 485 praeerat,

391 493 686 570 ‚impulsis
713 492 994 554 hostibus
1019 499 1221 574 castra
1241 492 1525 554 Caesaris
1549 493 1743 568 cepit3
1774 500 1942 568 (nam
1966 495 2103 569 ipse
2118 492 2364 569 Caesar,

348 625 354 634 .
406 578 644 640 etiamsi
671 577 1123 638 infirmissimus
1144 576 1495 637 valetudine
1514 584 1675 660 erat,
1705 574 1912 637 obibat
1938 577 2149 638 munia
2166 578 2365 653 ducis,

406 670 616 725 oratus
647 662 828 722 etiam
856 660 935 721 ab
962 662 1208 722 Artorio
1237 659 1477 722 medico
1492 703 1509 731 ,
1555 675 1634 719 ne
1663 660 1722 720 in
1755 661 1974 722 castris
2002 670 2362 735 remaneret,

405 747 729 807 manifesta
755 743 1222 805 denunciatione
1251 743 1476 820 quietis
1505 746 1740 816 territo)
1781 744 1843 804 id
1870 752 2105 820 autem,
2145 744 2208 805 in
2240 762 2364 822 quo

407 829 661 892 Cassius
707 828 931 903 fuerat,
973 829 1245 903 fugatum
1288 844 1362 887 ac
1394 830 1552 888 male
1592 830 1916 889 mulcatum
1957 827 2020 888 in
2048 829 2265 890 altiora
2292 845 2365 891 se

349 930 386 984 2
406 920 728 989 receperat
773 913 929 973 loca.
987 911 1135 973 Tum
1189 911 1442 974 Cassius
1490 926 1572 971 ex
1620 927 1735 972 sua
1789 914 2033 974 fortuna
2079 920 2363 984 eventum

408 999 684 1072 collegae
711 996 1043 1057 aestimans
1071 1009 1212 1057 cum
1240 994 1578 1055 dimisisset
1603 1004 1924 1058 evocatum
1955 995 2364 1073 iussissetque

405 1081 699 1142 nunciare
728 1079 874 1152 sibi,
911 1095 1067 1155 quae
1089 1085 1258 1141 esset
1277 1077 1597 1140 multitudo
1621 1094 1695 1139 ac
1712 1080 1810 1141 vis
1831 1078 2170 1153 hominum,
2204 1096 2365 1156 quae

405 1165 488 1226 ad
517 1179 588 1225 se
615 1162 922 1238 tenderet,
961 1163 1194 1225 tardius
1223 1176 1299 1224 eo
1330 1162 1680 1236 nunciante,
1708 1178 1850 1225 cum
1876 1164 1939 1225 in
1968 1164 2169 1225 vicino
2199 1171 2367 1224 esset

405 1262 622 1323 agmen
654 1263 841 1309 cursu
872 1246 953 1308 ad
977 1263 1116 1307 eum
1146 1243 1520 1307 tendentium
1544 1261 1749 1322 neque
1768 1249 2026 1323 pulvere
2045 1249 2233 1308 facies
2261 1255 2367 1309 aut

408 1333 596 1405 signa,
614 1332 889 1393 denotari
919 1337 1209 1407 possent,
1240 1330 1598 1391 existimans
1624 1330 1823 1394 hostis
1856 1347 2001 1393 esse
2032 1332 2136 1408 qui
2162 1333 2363 1396 inrue-

407 1423 572 1487 rent,
613 1416 861 1479 lacerna
899 1421 1085 1491 caput
1135 1412 1536 1476 circumdedit
1583 1421 2013 1492 extentamque
2063 1414 2361 1476 cervicem

347 1506 387 1562 3
409 1498 719 1566 interritus
769 1497 985 1560 liberto
1035 1495 1335 1576 praebuit.
1388 1497 1715 1559 Deciderat
1744 1499 1918 1563 Cassi
1958 1507 2174 1575 caput,
2225 1514 2365 1559 cum

406 1591 703 1645 evocatus
731 1583 1002 1644 advenit
1048 1583 1348 1644 nuncians
1386 1581 1640 1643 Brutum
1685 1597 1833 1645 esse
1884 1581 2207 1654 victorem3
2254 1581 2364 1659 qui

407 1683 547 1729 cum
598 1668 1023 1743 imperatorem
1068 1667 1443 1744 'prostratum
1490 1665 1753 1727 videret:
1794 1681 2092 1743 „sequar‚
2152 1667 2365 1743 inquit,

406 1767 576 1827 eum,
620 1768 810 1830 quem·
839 1768 979 1812 mea
1018 1751 1242 1812 occidit
1279 1750 1571 1811 tarditas“
1613 1758 1674 1810 et
1700 1750 1784 1810 ita
1806 1752 1869 1811 in
1897 1751 2164 1826 gladium
2192 1751 2363 1812 incu-

343 1842 384 1898 4
404 1837 553 1899 buit.
599 1835 747 1897 Post
773 1850 1009 1914 paucos
1040 1834 1263 1895 deinde
1292 1834 1426 1894 dies
1455 1834 1678 1896 Brutus
1702 1833 1981 1895 conflixit
2006 1849 2145 1894 cum
2169 1833 2362 1894 hosti-

406 1920 524 1981 bus
555 1927 616 1979 et
642 1920 840 1980 victus
870 1918 1002 1979 acie
1031 1934 1169 1980 cum
1197 1918 1258 1977 in
1282 1919 1578 1978 tumulum
1606 1924 1786 1979 nocte
1815 1933 1894 1978 ex
1922 1921 2068 1993 fuga
2092 1933 2165 1979 se
2190 1933 2362 1979 rece-

405 2002 631 2079 pisset,
675 2001 1021 2077 impetravit
1058 2018 1096 2060 a
1124 2000 1407 2062 Stratone
1446 2001 1749 2077 Aegeate,
1793 2002 2068 2064 familiari
2108 2017 2253 2075 suo,
2296 2008 2365 2063 ut

405 2102 650 2146 manum
673 2086 965 2148 morituro
990 2085 1409 2150 commodaret
1427 2084 1544 2145 sibi
1559 2129 1576 2157 ,
1599 2086 1952 2161 reiectoque
1972 2085 2148 2144 laevo
2171 2100 2363 2159 super

407 2177 594 2244 caput
632 2168 883 2229 brachio
918 2184 1053 2229 cum
1096 2183 1449 2230 mucronem
1491 2168 1656 2244 gladi
1687 2169 1820 2230 eius
1863 2169 2116 2229 dextera
2142 2176 2360 2229 tenens

406 2252 691 2313 sinistrae
705 2251 1458 2314 admovissetmammillae
1470 2251 1552 2311 ad
1578 2267 1717 2313 eum
1744 2249 1948 2328 ipsum
1975 2253 2208 2326 locum,
2239 2268 2360 2326 qua

408 2350 518 2397 cor
544 2336 791 2407 emicat,
820 2336 1139 2411 impellens
1170 2353 1240 2398 se
1268 2338 1330 2396 in
1352 2337 1575 2397 vulnus
1597 2351 1721 2397 uno
1743 2337 1866 2398 ictu
1891 2336 2223 2397 transfixus
2253 2350 2360 2395 ex·

409 2419 629 2496 piravit
657 2421 956 2495 protinus.
1009 2497 1014 2501 α

352 2506 385 2561 1
571 2503 774 2564 LXXI.
854 2503 1173 2574 Messalla,
1219 2501 1701 2577 fulgentissimus
1730 2499 1998 2572 iuvenis,
2039 2502 2358 2575 proximus

405 2588 466 2648 in
494 2587 613 2648 illis
643 2588 862 2649 castris
889 2588 1059 2648 Bruti
1088 2586 1389 2661 Cassique
1430 2584 1792 2657 auctoritati,
1836 2598 1973 2644 cum
2012 2592 2224 2646 essent
2254 2587 2359 2661 qui

407 2686 547 2733 eum
587 2672 807 2734 ducem
851 2676 1207 2747 poscerent,
1245 2667 1479 2729 servari
1506 2666 1804 2729 beneficio
1834 2666 2117 2731 Caesaris
2149 2670 2361 2730 maluit

367 2781 374 2788 ·
407 2770 589 2829 quam
624 2753 870 2817 dubiam
911 2771 1087 2831 spem
1126 2769 1434 2815 armorum
1476 2759 1707 2813 tentare
1745 2750 2039 2827 amplius:
2092 2767 2206 2814 nec
2250 2748 2360 2813 'aut

407 2838 655 2897 Caesari
686 2841 1015 2916 quicquam
1040 2854 1123 2898 ex
1148 2834 1423 2899 victoriis
1453 2836 1582 2898 suis
1622 2834 1734 2897 fuit
1759 2837 1979 2897 laetius
2012 2852 2194 2913 quam
2226 2851 2355 2896 ser-

406 2935 593 2981 vasse
633 2920 987 2996 Corvinum,
1032 2928 1133 2983 aut
1169 2922 1367 2982 maius
1408 2919 1754 2995 exemplum
1793 2919 2058 3004 hominis
2100 2920 2357 2996 gratiae

347 3015 386 3069 2
404 3005 491 3081 pii
542 3020 721 3080 quam
754 3006 1060 3067 Corvinus
1099 3006 1160 3065 in
1192 3005 1514 3065 Caesarem
1557 3003 1685 3065 fuit.
1761 3003 1895 3066 Non
1939 3003 2104 3065 aliud
2133 3004 2354 3064 bellum

407 3088 719 3149 cruentius
749 3090 942 3150 caede
978 3089 1454 3150 clarissimorum
1482 3088 1748 3148 virorum
1780 3088 1919 3150 fuit=
1960 3095 2088 3149 tum
2109 3086 2354 3148 Catonis

405 3172 568 3233 filius
609 3171 858 3242 cecidit3
900 3173 1117 3234 eadem
1152 3172 1469 3234 Lucullum
1496 3170 2040 3246 Hortensiumque,
2086 3171 2350 3231 eminen-

404 3256 780 3317 tissimorum
807 3257 1028 3316 civium
1055 3257 1248 3327 filim,
1281 3258 1523 3315 fortuna
1554 3254 1837 3324 abstulit;
1865 3270 2002 3315 nam
2024 3256 2244 3326 Varro,
2274 3253 2355 3313 ad

406 3338 732 3400 ludibrium
771 3341 1096 3420 moriturus
1138 3338 1394 3410 Antoni,
1436 3337 1621 3411 digna
1659 3338 1762 3399 illo
1795 3353 1870 3399 ac
1905 3351 2053 3396 vera
2080 3337 2159 3399 d'e
2189 3336 2371 3404 exitur

349 3421 386 3481 3'
408 3421 541 3484 eius
582 3439 804 3500 magna
843 3439 983 3485 cum
1022 3423 1294 3484 libertate
1332 3421 1634 3482 ominatus
1675 3423 1815 3483 ests
1856 3421 2097 3482 Drusus
2124 3418 2356 3493 LiviuS,
