2634 3909
483 649 490 658 '
555 713 562 780 ς
746 704 823 783 ιι
879 643 1161 790 vatem
1205 617 1646 779 russeum

343 863 1204 994 ιιειιιιιιιι
1289 787 1961 1120 nomm
2166 899 2173 906 ·

714 1147 720 1154 .
828 1047 922 1113 AD
964 1045 1032 1111 ιι.
1071 1040 1382 1108 vmmmu
1425 1039 1565 1108 cos.

1001 1187 1200 1314 timu
1240 1215 1418 1279 nuo,

703 1487 766 1574 f
841 1525 1147 1612 ιιΒιιιιι
1209 1523 1532 1586 Palen.

233 1749 242 1760 .
389 1694 527 1758 1.·”ι
542 1695 575 1734 *
592 1694 622 1734 *
647 1655 930 1778 [Epeus]
958 1696 1081 1737 Η*
1103 1704 1466 1774 tempestate
1488 1696 1814 1756 distractus
1840 1695 2046 1754 aduce
2068 1705 2181 1753 suo
2206 1702 2237 1754 1

224 1782 485 1846 Nestore
523 1780 938 1854 Metapontum
979 1782 1268 1844 condidit.
1337 1781 1595 1849 Teucer,
1651 1795 1775 1841 non
1815 1784 2108 1873 receptus
2148 1792 2184 1835 a

231 1875 405 1944 patre
431 1865 759 1925 Telamone
789 1864 896 1925 ob
891 1855 1217 1941 segnitiam
1258 1877 1382 1926 uon
1413 1863 1757 1926 vindicatae
1798 1843 1999 1924 fratris
2030 1860 2184 1920 iniu·

226 1951 408 2024 riae,
432 1950 702 2028 Cyprum
742 1949 1043 2026 adpulsus
1077 1937 1519 2046 cognominem
1544 1948 1807 2023 patriae
1820 1959 1971 2008 suae
2016 1944 2183 2005 Sala

230 2035 394 2095 mina
423 2031 753 2095 constituit.
834 2033 1136 2110 Pyrrhus,
1169 2031 1436 2094 Achillis
1479 2033 1670 2106 filiuS,
1711 2032 1960 2108 Epirum
2002 2044 2182 2091 oecu-

230 2117 425 2194 pavit,
469 2117 809 2192 Phidippus
837 2117 1147 2216 Ephyram
1185 2120 1250 2178 in
1275 2116 1657 2193 Thesprotia.
1729 2118 1810 2177 At
1836 2129 1949 2176 rex
1970 2125 2186 2189 regum
2208 2126 2241 2179 2

231 2205 655 2278 Agamemnon
697 2209 1060 2276 tempestate
1104 2201 1165 2261 in
1217 2202 1454 2262 Cretam
1484 2202 1744 2262 insulam
1782 2199 2046 2259 reiectus
2074 2195 2184 2258 tris

235 2285 317 2346 ibi
336 2284 509 2346 urbis
538 2286 773 2358 statuit,
811 2286 969 2346 duas
997 2302 1037 2345 a
1062 2287 1294 2361 patriae
1311 2285 1596 2356 nomine,
1628 2299 1812 2362 unam
1835 2300 1872 2343 a
1893 2282 2185 2342 victoriae

234 2368 552 2443 memoria,
571 2365 906 2447 MycenaS,
921 2370 1224 2454 Tegeam,
1253 2331 1628 2444 Pergamum.
1684 2353 1854 2427 Idem
1879 2379 2026 2428 mox
2054 2380 2187 2425 sce·

236 2455 361 2513 lere
388 2453 684 2529 patruelis
708 2443 930 2513 fratris
941 2453 1248 2528 Aegisthi,
1281 2453 1723 2524 hereditarium
1753 2450 2095 2511 exercentis
2126 2449 2188 2506 in

236 2551 376 2597 eum
399 2533 627 2610 odium,
651 2543 713 2597 et
732 2536 1005 2596 facinere
1027 2536 1241 2598 uxoris
1266 2549 1608 2612 oppressus
1634 2535 1949 2597 occiditur.
1992 2532 2190 2606 Regni
2209 2545 2247 2599 3

239 2620 461 2695 potitur
471 2617 806 2696 Aegisthus
820 2633 933 2695 per
945 2633 1143 2680 annos
1160 2629 1415 2696 septem.
1458 2622 1633 2680 Hunc
1647 2618 1897 2679 Orestes
1910 2624 2190 2676 matrem-

240 2721 358 2778 que
386 2704 557 2764 soeia
570 2705 964 2764 consiliorum
980 2703 1248 2765 omnium
1262 2717 1478 2766 sorore
1490 2704 1758 2776 Electra,
1788 2698 1981 2761 virilis
2008 2699 2192 2759 animi

240 2787 487 2859 lernina,
509 2784 849 2848 obtruncat.
892 2788 1144 2848 Factum
1165 2788 1297 2849 eius
1322 2805 1359 2848 a
1383 2789 1498 2848 diis
1515 2785 1975 2861 comprobatum
1990 2783 2190 2858 spatio

240 2869 402 2928 vitae
449 2877 508 2929 et
555 2871 836 2932 felicitate
883 2872 1100 2946 imperi
1159 2873 1472 2947 apparuit3
1528 2872 1759 2947 quippe
1817 2869 1969 2929 vixit
2015 2868 2193 2928 annis

240 2952 612 3026 nonaginta,
639 2955 915 3029 regnavit
943 2958 1363 3031 septuaginta,
1349 2981 1364 2995 ·
1409 2954 1515 3031 qui
1548 2971 1619 3015 se
1649 2953 1829 3014 etiam
1869 2968 1906 3012 a
1931 2950 2190 3030 Pyrrhe,

129 3071 135 3093 -.
241 3035 500 3102 Achillis
525 3033 682 3111 filio,
734 3039 956 3100 virtute
980 3032 1340 3110 vindicavit,
1394 3055 1532 3099 nam
1575 3037 1745 3112 quod
1772 3043 1990 3116 pactae
2039 3033 2192 3107 eiuS,

242 3119 496 3181 Menelai
523 3126 710 3204 atque
735 3121 1003 3183 Helenae
1029 3124 1219 3198 filiae,
1251 3123 1613 3183 Hermiones
1644 3122 1888 3198 nuptias
1928 3119 2199 3194 eccupa-

131 3227 134 3252 ι
243 3211 440 3278 verat,
468 3197 721 3280 Delphis
752 3217 902 3266 eum
917 3208 1233 3268 interfecit.
1272 3207 1391 3267 Per
1410 3207 1566 3266 haec
1592 3212 1870 3282 tempora
1893 3204 2117 3282 Lydus
2134 3209 2195 3261 et
2215 3213 2253 3266 4

244 3249 594 3366 Tyrrh’enus
624 3289 841 3350 fratres
865 3303 1003 3351 cum
1032 3299 1379 3366 regnarent
1385 3292 1446 3350 in
1468 3290 1694 3367 Lydia,
1726 3289 2041 3351 sterilitate
2069 3287 2192 3345 fru-

247 3387 390 3447 gum
422 3373 727 3448 compulsi
769 3374 964 3435 sortiti
1007 3382 1177 3446 sunt,
1220 3384 1354 3436 uter
1396 3390 1532 3435 cum
1582 3381 1754 3450 parte
1795 3369 2191 3433 multitudinis

130 3487 136 3524 2
252 3456 438 3529 patria
460 3455 804 3518 decederet.
859 3456 1013 3519 Sors
1041 3459 1421 3537 Tyrrhenum
1449 3457 1730 3534 contigit}
1776 3461 2100 3532 pervectus
2131 3453 2194 3511 in

130 3605 134 3628 ,
224 3583 231 3590 .
326 3541 568 3600 Vsum.
597 3540 854 3601 Parme.
1920 3546 1951 3598 1
