2634 3909
413 178 510 244 82
967 178 1047 237 Μ.
1089 174 1383 240 VELLEI-
1414 177 1845 241 PATERCULI

422 331 591 396 baris
638 345 954 394 numerus=
967 343 1178 404 suus
1193 331 1295 390 lta
1342 329 1572 391 fiducia
1618 331 1865 404 νιιιιιιιι,
1918 337 1987 392 ιιι
2024 329 2383 428 ubicunque

379 420 651 480 Caesar
670 424 868 490 esset,
892 414 1074 476 nihil
1057 431 1120 474 ιιι
1144 430 1216 474 se
1235 415 1623 489 seponerent.
1664 412 1814 474 Pars
1832 409 2144 478 exercitus
2156 413 2380 479 corum

425 501 781 582 proposita
766 500 887 576 ipsi
898 499 1160 576 duci[et]
1183 499 1263 559 ad
1275 497 1588 559 arbitrium
1629 497 2069 574 utilitatemque
2102 509 2379 562 nostram

421 593 727 667 macerata
747 584 1169 660 pei-ductaque
1190 582 1271 644 ad
1283 573 1661 643 exitiabilem
1679 582 1900 642 famem
1913 597 2119 658 neque
2148 585 2375 646 instan-

417 670 500 731 tis
538 669 853 730 sustinere
901 681 1105 762 neque
1155 679 1295 728 cum
1346 666 1707 728 facientibus
1760 665 2004 741 copiam
2062 670 2374 744 pugnandi

419 751 942 828 &rigentibusque
992 749 1187 811 aciem
1235 765 1392 811 ausa
1441 746 1767 825 congredi,
1816 757 2125 826 occupato
2172 759 2375 813 monte

354 843 394 898 4
420 837 682 899 Claudio
699 834 1032 895 munitione
1059 848 1138 894 se
1157 832 1448 894 defendit.
1511 835 1589 894 At
1616 849 1692 893 ea
1719 847 1896 908 pars,
1941 849 2103 908 quae
2129 836 2374 897 obviam

420 936 490 981 se
518 920 819 982 effuderat
834 917 1167 990 exercitui,
1200 931 1385 1002 quem
1412 918 1488 977 A.
1514 917 1774 980 Caecina
1799 923 1863 978 et
1888 915 2174 992 Silvanus
2195 918 2370 979 Plau

415 1006 539 1066 tius
585 1003 948 1065 consulares
996 1017 1076 1062 ex
1122 995 1542 1062 transmarinis
1590 999 1980 1061 adducebant
2019 1002 2372 1077 provinciis,

417 1085 785 1148 circumfusa
817 1081 1090 1163 quinque
1115 1083 1459 1159 legionibus
1488 1084 1719 1145 nostris
1758 1083 2283 1182 auxiliaribusque
2310 1093 2399 1146 et·

416 1170 709 1246 equitatui
735 1170 909 1245 regio
936 1169 1199 1252 (quippe
1227 1183 1510 1243 magnam
1530 1166 1830 1230 Thracum
1858 1183 2099 1232 manum
2127 1169 2371 1231 iunctus

418 1253 741 1327 praedictis
783 1254 1042 1315 ducibus
1067 1252 1534 1314 Rhoemetalces
1549 1297 1565 1324 ,
1607 1252 1899 1314 Thraciae
1924 1266 2066 1325 rex,
2105 1251 2168 1313 in
2197 1254 2369 1314 adiu·

413 1337 646 1398 torium
661 1338 796 1398 eius
825 1337 967 1398 belli
987 1352 1198 1398 secum
1228 1335 1533 1407 trahebat)
1561 1349 1761 1411 paene
1778 1335 2149 1398 exitiabilem
2176 1337 2369 1403 omni—

411 1421 529 1482 bus
561 1416 798 1482 cladem
825 1420 1051 1482 intulit=
1078 1421 1286 1494 fugata
1304 1424 1616 1494 regiorum
1637 1420 1945 1502 equestris
1967 1420 2135 1481 acies
2148 1465 2166 1493 ,
2196 1421 2370 1495 fuga-

410 1512 511 1565 tae
549 1507 716 1578 alae,
760 1518 1102 1567 conversae
1144 1504 1434 1566 cohor-tes
1477 1511 1651 1578 sunt,
1688 1504 1859 1579 apud
1896 1503 2077 1578 signa
2119 1519 2370 1580 qnoque

354 1600 389 1654 5
409 1589 719 1664 legionum
755 1589 1141 1665 trepidatum.
1215 1586 1342 1649 Sed
1369 1586 1630 1650 Romani
1666 1586 1860 1648 virtus
1886 1586 2091 1650 militis
2122 1589 2262 1664 plus
2289 1602 2366 1648 eo
2460 1656 2463 1662 ι

412 1680 692 1758 tempore
740 1671 1081 1735 vindicavit
1114 1670 1351 1748 gloriae
1401 1686 1583 1748 quam
1632 1671 1896 1733 ducibus
1939 1669 2209 1747 reliquit,
2262 1669 2368 1747 qui

412 1753 665 1818 multum
678 1773 718 1817 a
727 1773 899 1820 more
912 1756 1295 1832 imperatoris
1309 1755 1409 1816 sui
1424 1754 1848 1831 discrepantes
1861 1761 2004 1816 ante
2031 1755 2092 1814 in
2125 1755 2369 1816 hostem

410 1841 781 1916 inciderunt,
811 1853 991 1916 quam
1031 1855 1144 1914 per
1164 1840 1618 1914 exploratores,
1646 1837 1752 1900 ubi
1788 1839 1986 1902 hostis
2026 1845 2221 1911 esset,
2262 1853 2365 1899 co·

351 1930 388 1987 6
405 1932 790 1997 gnoscerent.
832 1925 983 1985 Tum
996 1923 1178 1998 igitur
1189 1922 1251 1982 ιιι
1267 1923 1470 1984 dubiis
1480 1922 1669 1986 rebus
1684 1928 1877 1984 semet
1904 1922 2078 1998 ipsae
2091 1921 2366 1997 legiones

409 2007 794 2080 adhortatae,
826 2006 1114 2082 iugulatis
1140 2004 1217 2068 ab
1240 2005 1421 2067 hoste
1435 2006 1802 2082 quibusdam
1815 2004 2071 2068 tribunis
2094 2006 2368 2079 militum,

411 2092 774 2165 interempto
805 2087 1116 2166 praefecto
1145 2095 1487 2152 castrorum
1529 2087 1977 2165 praefectisque
2004 2087 2367 2163 cohortium,

410 2188 533 2232 nen
562 2173 893 2234 incruentis
922 2173 1413 2246 cenmrionibus,
1455 2188 1492 2234 e
1521 2168 1743 2249 quibus
1773 2173 1955 2233 etiam
1997 2171 2173 2246 primi
2202 2173 2366 2232 ordi·

410 2270 524 2318 nes
570 2257 850 2317 cecidere
864 2291 886 2331 .„
931 2256 1214 2318 invasere
1260 2255 1459 2319 hostis
1508 2271 1625 2320 nec
1672 2254 2046 2318 sustinuisse
2095 2256 2366 2318 contenti

411 2347 704 2415 perrupta
729 2355 944 2402 eorum
973 2341 1108 2401 acie
1134 2356 1214 2400 ex
1226 2342 1539 2417 insperato
1552 2339 1869 2401 victoriam
1882 2340 2363 2400 vindicaverunt.

352 2420 387 2479 7
409 2424 544 2484 Hoc
581 2426 711 2485 fere
740 2429 1017 2500 tempore
1041 2425 1351 2500 Agr,ippa
1392 2425 1497 2499 qui
1527 2424 1749 2484 eodem
1790 2424 1893 2483 dic
1937 2438 2061 2499 quo
2087 2422 2364 2482 Tiberius

409 2508 735 2586 adoptatus
764 2506 858 2567 ab
872 2523 991 2568 avo
1019 2523 1148 2568 suo
1166 2509 1422 2569 naturali
1446 2514 1580 2570 erat
1607 2514 1667 2566 et
1705 2506 1824 2566 iam
1856 2514 1997 2568 ante
2035 2504 2362 2577 biennium,

410 2593 611 2665 qualis
641 2599 839 2663 esset,
867 2591 1174 2676 apparere
1201 2599 1525 2668 coeperat,
1554 2589 1708 2650 mira
1741 2591 2040 2665 pravitate
2067 2589 2250 2649 animi
2277 2596 2363 2649 at-

409 2691 530 2749 que
558 2675 763 2751 ingeni
792 2676 854 2735 ιιι
887 2661 1245 2766 praecipitia
1274 2689 1612 2736 conversus
1643 2673 1836 2747 patris
1866 2682 2049 2749 atquc
2088 2673 2366 2734 eiusdem

408 2758 505 2816 avi
535 2761 630 2820 sui
660 2760 924 2822 animum
947 2755 1233 2834 alienavit
1259 2757 1378 2826 sibi
1406 2772 1675 2833 moxque
1698 2758 2160 2819 crescentibus
2144 2773 2205 2816 ιιι
2225 2756 2381 2842 dies

405 2840 567 2928 vitiis
591 2843 838 2916 dignum
870 2839 1076 2910 furore
1104 2858 1220 2903 suo
1248 2835 1461 2903 habuit
1487 2841 1730 2901 exitmn.

349 2933 383 2986 1
579 2925 776 2985 CXIII.
818 2926 1054 3002 Accipe
1066 2912 1260 3000 nunc,
1281 2926 1365 2986 M.
1377 2921 1605 3011 Vinici,
1630 2924 1890 2985 tantum
1874 2940 1936 2984 ιιι
1950 2924 2110 2985 bello
2126 2922 2376 2996 ducem,

413 3014 703 3082 quantum
725 3010 787 3069 ιιι
807 3025 963 3085 pace
983 3005 1159 3074 uides
1184 3008 1542 3106 principem.
1553 3005 1816 3069 Iunctis
1838 3007 2204 3074 exercitibus
2228 3005 2360 3080 qui·

412 3105 533 3166 que
562 3090 679 3150 sub
705 3091 968 3153 Caesare
996 3093 1264 3165 fuerant,
1308 3093 1538 3169 quique
1576 3093 1658 3152 ad
1685 3108 1826 3152 eum
1853 3097 2172 3162 venerant,
2213 3103 2360 3146 con·

408 3174 744 3249 tractisque
783 3174 844 3234 in
888 3192 1014 3237 una
1039 3184 1246 3238 eastra
1287 3173 1506 3238 decem
1552 3174 1925 3252 legionibus,
1976 3163 2371 3251 septuaginta

410 3258 674 3334 amplius
704 3257 1090 3334 cohortibus,
1131 3261 1347 3322 decem
1385 3257 1501 3321 alis
1529 3266 1593 3320 et
1619 3259 1895 3335 pluribus
1926 3271 2105 3333 quam
2146 3254 2363 3315 decem

410 3353 840 3403 veteranorum
878 3341 1152 3416 milibus,
1193 3344 1273 3404 ad
1310 3343 1433 3406 hoc
1472 3357 1694 3418 magno
1734 3340 2211 3404 voluntariorum
2249 3355 2360 3398 nu—

411 3439 583 3488 mero
624 3417 1052 3503 frequentique
1084 3416 1287 3503 'equite
1314 3425 1540 3504 regio,
1564 3434 1731 3492 tanto
1766 3425 2031 3499 denique
2064 3422 2359 3499 exercitu,
