2634 3909
678 192 1113 258 ‚ms‘romAs
1152 191 1540 267 ROMANAE
1575 194 1662 266 11,
1698 201 1786 256 es.
2134 149 2217 256 55

267 345 573 421 fastigium
614 351 677 405 et
718 352 946 422 quanto
976 344 1297 426 Ciceronis
1341 346 1546 407 studio
1585 345 1812 407 Brutus
1842 347 2219 423 Cassiusque

268 430 713 504 attollerentur,
764 428 1270 505 denuntiaretque
1323 443 1394 490 se
1441 445 1582 490 cum
1627 430 1817 490 Bruto
1862 428 2238 526 Cassioque,

266 514 366 590 qui
399 514 519 573 iam
547 513 761 576 decem
801 520 861 573 et
888 519 1123 589 septem
1158 512 1468 587 legionum
1507 520 1793 589 potentes
1835 517 2061 587 erant,
2089 514 2238 575 iun-

234 605 500 659 -cturum
524 595 678 657 viris
702 613 882 671 suas,
913 596 1208 657 sicaesar
1219 596 1357 656 eius
1370 603 1802 672 aspernaretur
1813 597 2223 672 concordiam,

218 681 228 691 ‘
265 665 619 757 diceretque
658 683 799 756 plus
829 642 1155 742 dueentem
1194 680 1416 755 patris,
1466 695 1650 757 quam
1690 695 1766 741 se
1805 679 1983 741 amici
2011 681 2224 743 ultioni

264 765 525 835 debere;
556 763 588 801 *
614 762 645 799 *
669 764 866 839 igitur
906 763 1056 828 inita
1082 763 1394 839 potentiae
1433 765 1699 825 societas
1740 772 1802 825 et
1840 764 2221 828 hortantibus
2244 776 2283 831 2

264 843 709 929 orantibusque
743 846 1122 924 exercitibus
1160 847 1317 908 inter
1344 848 1675 909 Antonium
1698 849 1882 909 etiam
1912 856 1973 909 et
2001 848 2257 915 caesa-

261 947 392 994 rem
421 932 583 993 facta
610 929 923 1006 adfinitas,
967 945 1107 996 cum
1134 937 1305 991 esset
1332 931 1612 1007 privigna
1641 934 1869 1008 Antoni
1908 934 2226 1009 desponsa

261 1016 546 1086 Caesari3
589 1015 1098 1091 consulatumque
1136 1011 1267 1075 iniit
1289 1014 1543 1096 Caesar⁸
1561 1015 1761 1092 pridie
1791 1031 1974 1091 quam
2017 1018 2225 1093 viginti

259 1115 462 1164 annos
492 1098 796 1175 impleret,
829 1116 891 1158 x.
917 1099 1053 1160 Kal.
1086 1097 1401 1174 OctobriS,
1443 1114 1583 1161 cum
1626 1100 1974 1176 collega-Q.
2012 1101 2221 1174 Pedio,

261 1191 411 1260 post
456 1182 670 1244 urbem
718 1183 1025 1244 conditam
1077 1184 1254 1245 annis
1316 1183 1717 1263 septingentis
1765 1200 2018 1260 novem,
2080 1192 2224 1248 ante

261 1268 652 1343 septuaginta
677 1266 835 1329 duos
852 1313 867 1341 ,
898 1281 1080 1342 quam
1109 1268 1316 1340 ιιι,ιΜ.
1338 1268 1571 1343 Vinici,
1602 1269 1985 1329 consulatum
2015 1269 2222 1330 inires.

262 1350 435 1411 Vidit
460 1350 559 1412 hic
589 1367 788 1429 annus
816 1350 1201 1426 Ventidium,
1242 1365 1357 1427 per
1380 1367 1571 1428 quam
1603 1352 1819 1413 urbem
1847 1353 2002 1414 inter
2031 1353 2221 1430 capti·
2243 1350 2283 1407 3

260 1451 378 1496 vos
405 1434 740 1496 Picentium
764 1436 826 1495 in
856 1434 1161 1514 triumpho
1193 1436 1414 1496 ductus
1441 1444 1599 1510 erat,
1645 1436 1706 1495 in
1734 1451 1810 1500 ea
1836 1437 2224 1498 consularem

233 1525 662 1595 ‚praetextam
676 1518 1021 1593 iungentem
1055 1518 1399 1594 praetoria3
1433 1519 1593 1581 idem
1628 1518 1728 1580 hic
1756 1529 1982 1595 postea
2014 1519 2221 1582 trium

264 1601 496 1679 phavit.

425 1684 632 1744 LXVI.
712 1683 976 1745 Furente
1026 1685 1249 1745 deinde
1295 1686 1568 1748 Antonio
1609 1686 1920 1763 simulque
1970 1685 2280 1761 Lepido,1

262 1784 523 1844 quorum
566 1774 850 1844 uterque,
891 1773 960 1828 ut
999 1768 1450 1843 praediximuS,
1488 1767 1701 1829 hostes
1744 1770 1992 1830 iudicati
2030 1778 2222 1844 erant,

261 1868 405 1913 cum
433 1851 613 1913 ambo
642 1853 889 1912 manent
916 1851 1034 1911 sibi
1067 1855 1387 1929 nunciare,
1408 1851 1560 1927 quid
1587 1854 1761 1928 passi
1788 1860 2000 1914 essent
2041 1868 2225 1927 quam

265 1935 417 2011 quid
432 1936 858 2010 emeruissent,
882 1944 1263 2012 repugnante
1275 1936 1542 1998 Caesare
1555 1936 1665 1997 sed
1684 1935 2222 2034 trustraadversus

263 2020 459 2091 duoS‚
504 2018 899 2081 instauratum
942 2018 1175 2081 Sullani
1213 2020 1485 2095 exempli
1526 2024 1784 2095 malum,
1825 2020 2221 2096 proscriptio.

262 2102 423 2164 Nihil
441 2110 566 2163 tam
589 2102 899 2180 indignum
912 2103 1014 2165 illo
1031 2110 1311 2188 tempore
1325 2105 1465 2178 fuit,
1496 2118 1681 2180 quam
1691 2104 1867 2181 quod
1878 2112 1984 2168 aut
1997 2103 2225 2165 Caesar
2244 2111 2281 2165 2

255 2186 534 2261 aliquem
573 2188 960 2264 proscribere
997 2185 1249 2250 coaetus
1290 2196 1397 2249 est
1424 2195 1531 2249 aut
1566 2188 1646 2250 ab
1676 2190 1806 2250 ullo
1837 2189 2048 2249 Cicero
2078 2203 2222 2264 pro-

268 2269 536 2365 scriptus
567 2278 664 2330 est
705 2270 1079 2346 abscisaque
1117 2261 1356 2333 scelere
1398 2268 1629 2333 Antoni
1668 2287 1795 2335 vox
1834 2271 2081 2348 publica
2109 2282 2222 2345 est,

266 2368 406 2413 curn
436 2353 568 2414 eius
600 2352 855 2414 salutem
883 2369 1062 2415 nemo
1094 2354 1506 2428 defendisset,
1550 2356 1654 2432 qui
1682 2373 1795 2433 per
1821 2364 1911 2417 tot
1937 2370 2133 2416 annos
2164 2365 2224 2416 et

266 2435 576 2511 publicam
619 2437 877 2497 civitatis
915 2445 978 2498 et
1016 2439 1319 2513 privatam
1359 2439 1579 2500 civium
1613 2440 1997 2501 defenderat.
2065 2436 2222 2498 Nihil
2243 2442 2281 2495 3

265 2529 468 2580 tamen
512 2520 719 2596 egisti,
758 2520 839 2580 Μ.
869 2522 1128 2583 Anteni=
1172 2523 1337 2597 cogit
1381 2523 1542 2584 enim
1571 2523 1876 2583 excedere
1916 2521 2221 2597 propositi

269 2604 524 2662 formam
553 2606 785 2681 operis·
826 2620 1157 2681 erumpens
1196 2606 1402 2668 animo
1442 2622 1519 2667 ac
1562 2613 1817 2681 pectore
1864 2605 2235 2679 indignatio,

265 2682 447 2757 nihil,
471 2685 757 2767 inquam,
788 2689 966 2763 egisti
995 2690 1344 2750 mercedem
1374 2689 1803 2752 coeiestissimi
1844 2688 1971 2749 oris
2011 2694 2072 2749 et
2099 2688 2219 2748 cla

267 2757 506 2830 nissimi
521 2772 737 2846 capitis
765 2770 991 2833 abscisi
1021 2774 1401 2836 numerando
1429 2779 2019 2854 auctoramentoque
2046 2773 2218 2834 fune

268 2852 361 2911 bri
401 2854 480 2913 ad
522 2857 973 2917 conservatoris
1006 2857 1333 2931 quondam
1342 2856 1731 2933 reipublicae
1766 2855 2043 2931 tantique
2068 2871 2219 2919 eon-

270 2934 425 2995 sulis
447 2933 751 2999 inritando
781 2953 1014 3000 necem.
1083 2942 1366 3017 Rapuisti
1389 2948 1514 3003 tum
1543 2940 1822 3010 Ciceroni
1848 2937 2046 3001 lucem
2078 2942 2219 3003 soii·
2239 2945 2277 3002 4

267 3018 448 3080 eitam
478 3028 539 3081 et
562 3029 822 3084 aetatem
845 3024 1098 3083 senilem
1125 3032 1196 3085 et
1216 3026 1402 3086 vitam
1429 3025 1806 3085 miseriorem
1833 3031 1895 3084 te
1923 3024 2221 3101 principe,

268 3117 453 3179 quam
482 3105 599 3166 sub
626 3113 692 3166 te
713 3107 1030 3169 triumviro
1070 3114 1360 3178 mor-tenu
1405 3110 1627 3169 famam
1665 3122 1816 3169 vero
1846 3110 2225 3184 gloriamque

266 3183 564 3249 factorum
590 3194 779 3282 atque
807 3189 1109 3252 dictorum
1137 3186 1294 3251 adeo
1331 3207 1454 3253 nen
1484 3191 1817 3265 abstulisti,
1859 3199 1926 3252 ut
1952 3191 2218 3253 auxeris

264 3268 432 3333 Vivit
455 3273 742 3348 vivetque
764 3275 877 3349 p‘er
896 3289 1137 3335 omnem
1159 3269 1508 3336 seculorum
1536 3276 1929 3344 memoriam,
1954 3276 2219 3349 dumque
2241 3281 2279 3335 6

265 3351 386 3414 hoe
424 3358 521 3416 vel
570 3357 725 3417 forte
765 3357 863 3416 vel
904 3357 1285 3432 providentia
1329 3358 1425 3418 vel
1466 3364 1781 3433 utcunque
1833 3356 2218 3440 constitutum

268 3451 467 3498 rerum
499 3447 755 3501 naturae
780 3455 1039 3518 corpus,
1073 3445 1234 3504 anor}
1268 3443 1368 3506 ille
1397 3455 1596 3517 paene
1625 3444 1796 3516 solus
1808 3441 2222 3502 Romanorum
