2634 3909
414 163 498 230 56
717 119 726 134 ’
943 163 1023 224 Μ.
1064 164 1346 228 VELLm
1387 163 1817 226 musaeum
1937 177 1979 234 :-
2060 195 2075 210 .

339 395 343 401 Ι
413 319 616 380 animo
646 318 825 389 vidit,
855 317 1100 393 ingenio
1126 318 1487 392 complexus
1510 324 1637 389 est,
1671 316 2020 391 eloquentia
2047 314 2370 382 inluminffi

414 401 528 474 vit,
557 401 831 462 manebit
857 399 1188 472 incolume,
1227 400 1507 463 comitem
1535 398 1672 463 aevi
1687 401 1783 460 sui
1795 400 2033 460 laudem
2052 399 2369 462 Ciceronis

307 523 318 530 s
391 486 659 559 trahet,⁸
691 483 1373 561 omnisque-posteritas
1403 484 1563 546 illius
1605 484 1666 543 in
1688 490 1748 544 te
1777 485 2005 559 scripta
2023 479 2367 557 mirabitur,

414 578 582 634 tuum
612 571 671 630 in
697 586 836 631 eum
865 570 1088 631 factum
1108 568 1524 640 execrabitur,
1555 567 1907 643 citiusquee
1921 566 2148 628 mundo
2164 583 2366 642 genus

412 654 720 716 hominum
783 669 964 728 quam
1025 654 1347 727 [Ciceronis
1393 655 1594 727 aleria
1646 670 1680 713 e
1731 654 2012 714 memma
2067 645 2368 714 hommum

412 743 694 814 unquam]
722 738 918 798 cedet.

359 831 388 882 1
580 821 814 882 LXVII.
893 820 1085 884 Huius
1116 821 1299 882 totius
1332 819 1622 894 temporis
1653 820 1955 879 fortunam
1981 834 2096 879 nec
2130 817 2368 880 deflere

414 907 661 983 quidem
682 906 1008 981 quisquam
1021 903 1170 966 satis
1185 904 1368 979 digne
1382 903 1605 977 potuit,
1636 904 1794 971 adeo
1817 917 1997 963 nemo
2016 901 2368 977 exprimere

410 990 618 1054 verbis
635 996 838 1065 potest
853 1013 869 1058 ς
897 987 960 1050 id
983 995 1188 1070 tamen
1198 987 1529 1052 notandum
1545 994 1668 1061 est,
1696 987 1891 1056 fuisse
1904 986 1963 1046 in
1980 985 2367 1062 proscriptos

410 1090 671 1138 uxorum
712 1070 898 1134 fidem
938 1088 1263 1143 summam,
1304 1071 1656 1132 libertorum
1694 1071 1988 1144 mediam,
2042 1087 2367 1140 servorum

411 1160 708 1234 aliquam,
752 1157 1014 1219 filiorum
1057 1156 1314 1216 nullamz
1357 1154 1514 1216 adeo
1556 1153 1820 1215 difficilis
1870 1162 1968 1216 est
2014 1154 2365 1218 hominibus

358 1253 394 1306 2
412 1250 725 1316 utcunque
755 1248 1089 1315 conceptae
1119 1239 1255 1315 spei
1283 1254 1472 1300 mora.
1503 1238 1593 1298 Ne
1607 1239 1754 1313 quid
1770 1239 1875 1298 ulli
1893 1245 2167 1300 sanctum
2179 1239 2332 1300 relin
2350 1271 2366 1281 -

371 1375 384 1387 .,
415 1332 733 1400 queretur,
763 1324 1019 1388 velutin
1052 1323 1254 1388 dotem
1285 1319 1862 1397 invitamentumque
1890 1322 2144 1384 sceleris
2170 1325 2364 1390 Anto—

412 1409 552 1474 nius
592 1409 661 1469 L.
707 1408 1030 1470 Caesarem
1071 1406 1468 1479 avunculum,
1517 1405 1786 1482 Lepidus
1826 1405 2077 1468 Paulum
2118 1408 2365 1469 fratrem

412 1493 937 1568 proscripserant,
968 1506 1082 1554 nec
1095 1490 1320 1556 Planco
1347 1491 1543 1565 gratia
1569 1490 1762 1552 defuit
1786 1490 1864 1552 ad
1896 1491 2365 1570 impetrandum,

353 1580 388 1634 3
409 1585 478 1638 ut
507 1578 690 1637 frater
717 1576 850 1637 eius
878 1574 1137 1636 Plancus
1162 1573 1392 1635 Plotius
1423 1575 1926 1649 proscriberetur.
1965 1573 2181 1649 quue
2207 1574 2368 1636 inter

409 1662 584 1723 iocos
612 1660 916 1735 militariS,
946 1659 1053 1746 qui
1083 1675 1327 1730 currum
1347 1657 1562 1734 Lepidi
1590 1656 1922 1733 Plancique
1951 1658 2141 1720 secuti
2171 1668 2363 1733 erant,

409 1746 564 1810 inter
593 1745 1044 1808 execrationem
1069 1743 1295 1826 civium
1321 1742 1704 1817 usurpabant
1728 1742 1889 1803 hunc
1914 1757 2188 1804 versum=

490 1831 582 1891 De
602 1833 935 1904 oet-manis,
963 1845 1082 1890 non
1107 1830 1186 1890 de
1214 1830 1405 1890 Gallis
1432 1828 1550 1888 duo
1577 1829 1947 1903 triumphant
1969 1829 2249 1888 consules.

353 1927 385 1980 1
578 1912 839 2000 Lx2vl11.
903 1911 1029 1975 Suo
1052 1912 1439 1987 praeteritum
1468 1912 1608 1972 loco
1630 1911 1955 1981 reseratum
1977 1925 2179 1986 neque
2204 1912 2364 1970 enim

411 1997 987 2072 personaumbram
1015 2002 1189 2058 actae
1215 1995 1305 2055 rei
1335 1994 1514 2069 capit.
1570 1994 1727 2056 Dum
1757 1995 1817 2055 in
1854 1995 1986 2056 acie
2014 1993 2367 2056 Pharsalica

411 2079 787 2157 [Africaque]
819 2080 898 2140 de
927 2095 1164 2140 summa
1187 2093 1392 2140 rerum
1420 2077 1647 2139 Caesar
1675 2079 1946 2151 dimicat,
1987 2078 2068 2138 Μ.
2100 2078 2362 2151 CoeliuS,

409 2165 506 2223 vir
534 2164 781 2238 eloquio
824 2165 1154 2238 animoque
1182 2161 1429 2224 Curioni
1457 2162 1824 2237 simillimus,
1869 2162 2069 2242 sedin
2100 2169 2365 2237 utroque

410 2247 740 2322 perfectior
767 2262 882 2310 nec
911 2246 1112 2308 minus
1152 2247 1474 2323 ingeniose
1500 2262 1796 2323 nequam,
1838 2263 1977 2307 cum
2016 2247 2078 2307 in
2120 2246 2367 2307 modica

412 2331 659 2407 quidem
689 2331 721 2369 *
742 2330 774 2370 *
799 2331 1035 2394 servari
1064 2340 1309 2408 posset,
1340 2331 1600 2408 (quippe
1622 2331 1800 2406 peior
1819 2330 1906 2393 illi
1925 2345 2028 2393 res
2052 2330 2364 2391 familiaris

413 2429 595 2492 quam
624 2431 797 2476 mens
828 2419 983 2487 erat)
1020 2415 1082 2474 in
1123 2421 1407 2492 praetura
1447 2432 1742 2495 novarum
1780 2416 2120 2478 tabularum
2150 2421 2366 2474 auctor

411 2499 607 2561 extitit
623 2500 977 2575 nequiitque
999 2506 1250 2562 senatus
1276 2507 1339 2561 et
1358 2501 1632 2562 consulis
1652 2501 2012 2561 auctoritate
2033 2498 2324 2559 deterreri
2344 2521 2363 2568 ς

397 2584 606 2659 accito
636 2584 819 2645 etiam
845 2583 1073 2646 Milone
1100 2584 1335 2656 Annio,
1380 2584 1485 2659 qui
1515 2600 1638 2645 non
1676 2585 1998 2658 impetrato
2038 2580 2239 2643 reditu
2265 2582 2365 2642 Iu·

408 2665 600 2727 lianis·
618 2665 896 2742 partibus
923 2664 1188 2728 infestus
1215 2671 1378 2738 erat,
1409 2664 1472 2726 in
1499 2666 1653 2727 urbe
1672 2665 2050 2730 -seditionem
2066 2713 2082 2740 ,
2106 2662 2168 2751 in
2203 2662 2371 2741 agris

410 2749 578 2812 haud
608 2751 848 2812 occulte
875 2749 1160 2812 bellicum
1189 2751 1508 2812 tumultum
1537 2766 1829 2823 movens,
1873 2750 2071 2827 primo
2100 2763 2370 2811 summo·-

408 2838 505 2891 tus
531 2846 572 2889 a
598 2831 942 2906 republica,
982 2847 1128 2892 mox
1157 2830 1584 2893 consularibus
1623 2832 1808 2891 armis
1854 2839 2104 2893 auctore
2146 2837 2365 2894 senatu

353 2924 389 2980 2
410 2913 574 2973 circa
605 2914 863 2977 Thurios
897 2929 1239 2994 oppressus
1256 2923 1389 2976 est.
1432 2915 1684 2991 Incepto
1707 2915 1844 2991 pari
1873 2912 2088 2977 similis
2116 2916 2365 2977 fortuna

407 2996 653 3057 Milonis
695 2998 836 3071 fuit,
880 3000 985 3075 qui
1015 2998 1345 3073 compsam
1370 2997 1432 3060 in
1460 2997 1732 3074 Hirpinis
1774 3014 2147 3075 oppugnans
2175 2997 2361 3060 ictus-

337 3107 348 3120 ,
411 3096 532 3156 que
560 3081 764 3156 lapide
791 3092 916 3144 tum
942 3082 1007 3143 P.
1033 3081 1278 3156 Clodio,
1306 3089 1437 3146 tum
1470 3084 1733 3159 patriae,
1764 3099 1950 3160 quam
1977 3082 2164 3143 armis
2192 3087 2363 3157 pete·

406 3164 539 3237 bat,
573 3179 807 3240 poenas
837 3164 1031 3237 dedit,
1074 3168 1166 3228 vir
1192 3167 1435 3242 inquies
1465 3175 1525 3228 et
1551 3169 1710 3228 ultra
1737 3169 1955 3230 fortem
1982 3164 2364 3228 temerarius.

350 3257 387 3316 3
408 3247 718 3322 Quatenus
741 3257 945 3310 autem
958 3251 1192 3328 aliquid
1204 3267 1284 3314 ex
1297 3251 1549 3314 *oniissis
1563 3260 1706 3327 peto
1722 3296 1738 3322 ,
1768 3257 2012 3312 notetur
2038 3249 2367 3311 immodica

410 3341 470 3393 et
497 3332 926 3408 intempestiva
962 3334 1235 3396 libertate
1263 3351 1416 3399 usos
1446 3335 1746 3398 adversus
1790 3333 1852 3394 C.
1884 3335 2206 3395 Caesarem
2233 3331 2365 3392 Ma-

409 3417 627 3478 rullum
674 3416 960 3494 Epidium
999 3417 1378 3494 Flavumque
1426 3417 1767 3480 Caesetium
1813 3418 2095 3480 tribunos
2144 3415 2367 3492 plebis,
