2634 3909
368 208 454 278 ιιι
694 191 701 197 ’
896 267 903 276 ,
942 207 1024 270 Μ.
1052 203 1336 272 vsa-m
1363 150 1795 272 PA'reacum
1811 269 1820 272 ,
1839 167 1854 238 Γ

367 376 595 454 viginti
618 391 853 438 annos
848 376 926 434 in
956 373 1287 449 Bagiennis
1321 371 1633 447 Eporedia
1673 371 1864 433 Mario
1909 369 2159 433 sexiens
2204 372 2326 432 Va

368 462 655 536 lerioque
669 459 894 520 Flaeeo
924 455 1302 518 consulibus.
1341 456 1574 532 Neque
1602 456 1781 515 facile
1799 455 2134 516 <memoriae
2161 471 2328 517 man-

371 543 662 616 daverim,
692 557 872 618 quae,
902 539 1020 600 nisi
1040 541 1331 613 militaris,
1366 547 1510 615 post
1535 539 1655 599 hoe
1681 546 1923 615 tempus
1945 535 2211 604 deducta
2228 541 2328 601 sit.

307 634 339 687 1
536 625 921 688 XV1.Cum
949 615 1103 692 haee
1144 625 1443 700 particula
1470 623 1700 698 operis
1710 624 1872 686 velut
1889 624 2156 686 formam
2185 639 2329 698 pro·

264 762 278 774 .
371 711 557 790 positi
600 709 971 782 excesserit,
1021 723 1392 784 quamquam
1439 706 1726 782 intellego
1775 705 1925 767 mihi
1962 705 2027 765 in
2067 706 2184 767 hae
2207 714 2331 767 tarn

296 813 305 818 ’
373 794 693 873 praecipiti
714 791 1130 864 festinatione,
1172 805 1332 868 quae
1357 803 1458 854 me
1481 798 1654 851 rotae
1685 791 1943 865 pronive
1969 789 2226 865 gurgitis
2253 806 2331 851 ae

371 879 639 941 verticis
659 878 854 938 modo
883 889 1219 951 nusquam
1214 875 1465 951 patitur
1499 875 1864 948 consistere,
1903 883 2107 948 paene
2135 874 2330 950 magis

374 961 741 1026 necessaria
756 959 1203 1036 praetereunda
1242 971 1456 1034 quam
1449 958 2328 1034 supervacuaampleetenda,

374 1061 620 1122 nequeo
659 1051 861 1105 tamen
894 1050 1237 1118 temperare
1263 1042 1443 1117 mihi,
1492 1041 1639 1117 quin
1666 1057 1801 1102 rem
1825 1056 2018 1117 saepe
2041 1044 2330 1116 agitatam

376 1132 578 1191 animo
607 1144 747 1189 meo
775 1127 1084 1204 nequead
1109 1125 1408 1203 liquidum
1436 1123 1678 1186 ratione
1704 1125 2063 1201 perductam
2092 1127 2330 1201 signem

309 1229 344 1282 2
376 1214 535 1275 stilo.
595 1212 742 1287 Quis
770 1212 935 1272 enim
980 1210 1227 1271 abunde
1252 1210 1457 1269 mirari
1486 1216 1720 1285 potest,
1768 1209 1947 1284 ’quod
1981 1208 2329 1270 eminentis—

376 1297 532 1366 sima
553 1297 855 1371 cuiusque
883 1294 1291 1371 professionis
1321 1294 1565 1369 ingenia
1601 1292 2245 1354 in.eanden1l'ormam
2273 1298 2335 1354 et

376 1382 436 1440 in
464 1380 627 1440 idem
653 1380 828 1440 artati
854 1376 1149 1454 temporis
1172 1385 1584 1453 congruerunt
1609 1378 1872 1454 spatium
1888 1423 1905 1450 ,
1947 1384 2009 1437 et
2039 1376 2331 1454 quemad-

376 1464 627 1526 modum
668 1466 879 1524 elausa
906 1477 1122 1537 ¹capso
1167 1462 1414 1538 ali'oque
1464 1469 1641 1538 septo
1678 1460 1906 1521 diversi
1932 1460 2175 1536 generis
2205 1462 2333 1520 ani-

376 1547 560 1608 malia
586 1546 977 1608 nihilominus
1008 1553 1296 1621 separata
1316 1546 1532 1606 alienis
1576 1546 1640 1606 in
1665 1562 1857 1607 unum
1887 1560 2170 1621 quaeque
2198 1559 2331 1605 eor.-

378 1646 498 1708 pus
529 1637 1001 1708 congregantur,¹
1022 1629 1108 1690 ita
1135 1629 1435 1704 euiusque
1465 1627 1616 1690 clari
1645 1628 1854 1705 operis
1884 1630 2140 1706 oapaeia
2167 1630 2331 1704 inge—

377 1715 482 1776 nia
507 1713 569 1776 in
610 1714 1003 1776 similitudine
1044 1721 1106 1774 et
1131 1719 1475 1789 temporum
1506 1720 1567 1774 et
1596 1716 1976 1789 profeetumn
2005 1713 2336 1788 semetipsa

308 1811 351 1867 3
379 1800 458 1860 ab
516 1799 652 1860 aliis
707 1804 1167 1875 separaverunt.
1202 1798 1375 1858 ,Una
1427 1811 1631 1872 neque
1671 1800 1995 1859 multorum
2037 1810 2335 1856 annorum

381 1884 582 1959 spatio
623 1882 829 1946 divisa
861 1889 1031 1944 aetas
1074 1897 1186 1955 per
1208 1880 1404 1942 divini
1432 1881 1685 1957 spiritus
1717 1879 1916 1956 vii-oS,
1933 1879 2331 1958 Aeschylum,

384 1965 754 2042 Sophoclen,
767 1963 1123 2040 Euripiden,
1148 1964 1491 2026 inlustravit
1507 1965 1902 2040 tragoediam,
1924 1979 2056 2025 una·
2069 1966 2336 2039 priscam

381 2050 546 2114 illam
574 2056 637 2112 et
664 2055 931 2112 veterem
956 2047 1071 2110 sub
1096 2048 1357 2124 Cratino,
1375 2048 1795 2125 Aristophane
1824 2055 1884 2109 et
1907 2048 2212 2125 Eupolide
2234 2064 2337 2116 oo-

308 2159 321 2172 >
381 2133 716 2203 moediam3
758 2148 835 2194 ae
870 2145 1093 2193 novam
1123 2133 1467 2207 [eomieam]
1498 2133 1870 2208 Menandrus
1923 2135 2337 2210 aequalesque

383 2216 519 2280 eius
564 2217 780 2280 aetatis
824 2231 950 2276 non
977 2218 1174 2292 magis
1203 2233 1387 2293 quam
1416 2217 1625 2292 operis
1651 2216 1924 2279 Philemo
1961 2234 2035 2278 ae
2057 2217 2337 2293 Diphilus

384 2308 444 2362 et
469 2302 761 2364 invenere
780 2301 940 2360 intra
967 2302 1378 2376 paucissimos
1403 2316 1608 2362 annos
1635 2317 1841 2378 neque
1870 2301 2223 2363 imitandam
2241 2315 2338 2359 re-

320 2397 357 2452 4
386 2385 641 2460 liquere.
698 2382 1228 2459 ,Philosophorum
1284 2400 1540 2461 quoque
1577 2385 1828 2461 ingenia
1864 2384 2182 2447 Socratico
2229 2398 2338 2444 ore

384 2466 716 2532 defluentia
729 2469 1014 2541 omnium,
1039 2484 1198 2544 quos
1220 2469 1406 2544 paulo
1419 2477 1558 2531 ante
1580 2469 2086 2540 enumeravimus,
2112 2473 2340 2542 quanto

383 2560 528 2628 post
553 2550 823 2614 Platonis
851 2551 1596 2629 Aristotelisque-mortem
1628 2553 1895 2615 floruere
1911 2553 2156 2629 spatio?
2180 2550 2338 2626 Quid

385 2643 543 2696 ante
553 2635 894 2708 Isocraten,
941 2636 1103 2711 quid
1115 2644 1260 2712 post
1285 2637 1421 2698 eius
1437 2637 1760 2700 ‘auditores
1789 2652 2129 2712 eorumque
2157 2635 2340 2695 disei-

385 2720 567 2795 pulos
619 2721 846 2781 clarum
890 2719 955 2778 in
997 2720 1342 2784 oratoribus
1372 2719 1524 2782 fuit?
1577 2721 1744 2783 adeo
1788 2721 2036 2797 quidem
2085 2726 2342 2780 artatum

385 2802 685 2877 angustiis
727 2812 1113 2879 temporum,
1129 2812 1229 2865 ut
1274 2819 1456 2865 nemo
1500 2807 1793 2866 memoria
1815 2805 2056 2929 dig-nus
2087 2805 2238 2864 alter
2266 2801 2344 2861 ab

387 2887 577 2947 altero
600 2887 814 2950 videri
827 2887 1230 2963 nequiverint.
1337 2915 1344 2922 ·
2315 2915 2324 2926 ›

325 2979 357 3032 1
553 2970 741 3031 XVII.
826 2972 1058 3047 Neque
1069 2965 1233 3034 hoe
1215 2988 1275 3034 ιιι
1308 2972 1559 3033 Graecis
1590 2987 1773 3050 quam
1794 2970 1859 3031 in
1884 2970 2179 3034 Romanis
2204 2983 2345 3028 eve-

387 3053 477 3115 nit
495 3055 721 3129 magis·
749 3071 891 3118 nam
913 3055 1031 3116 nisi
1057 3070 1284 3130 aspera
1309 3071 1385 3118 ao
1411 3057 1588 3118 rudia
1611 3062 1856 3131 repetas
1879 3061 1941 3116 et
1966 3053 2195 3116 inventi
2217 3053 2348 3112 lau'-

391 3138 599 3202 danda
628 3137 892 3212 nomine,
935 3139 997 3198 in
1024 3139 1217 3201 Aeeio
1248 3140 1537 3215 cii-eaque
1560 3156 1702 3201 eum
1724 3141 2005 3200 Romana
2029 3135 2352 3211 tragoedia

390 3219 515 3294 es‘t3
542 3222 881 3297 dulcesque
903 3218 1097 3284 Latini
1124 3223 1373 3298 leporis.
1387 3224 1645 3286 facetiae
1665 3237 1778 3299 per
1792 3219 2116 3283 Caecilium
2127 3220 2350 3279 Teren-

324 3312 359 3365 2
388 3306 664 3382 numque
690 3314 753 3368 et
779 3305 1099 3368 Afranium
1126 3308 1382 3383 suppari
1407 3313 1612 3368 aetate
1639 3307 1965 3369 nituerunt.
2009 3303 2350 3365 Historie'os

395 3390 575 3450 etiam
590 3435 606 3464 ,
651 3397 717 3452 ut
741 3389 977 3449 Livium
1009 3404 1259 3466 quoque
1274 3390 1561 3465 :priorum
1585 3392 1769 3453 aetati
1797 3397 2035 3450 astruas
2051 3435 2067 3463 ,
2110 3392 2356 3465 praeter

395 3472 703 3548 Catonem,
729 3481 790 3562 et
814 3472 1124 3547 quosdam
1156 3479 1393 3540 veteres
1439 3473 2126 3548 et.obscuros,.⁵mii‡us
2179 3477 2353 3531 octo-
