2634 3909
381 196 424 260 8
834 231 840 244 ·
916 198 998 260 M.
1035 198 1345 264 .vELLE1.
1363 198 1797 266 PATERctJLI
1816 229 1841 242 ⁴

323 361 360 413 2
379 353 571 414 ritatis
600 368 838 429 poenas
880 352 1065 413 dedit.
1138 352 1477 429 Quippe-Q.
1506 353 1801 416 Metellus·
1816 357 2224 431 praemi-,cui
2250 372 2332 420 ex

382 438 602 510 virtute
647 436 1030 498 Macedonici
1067 453 1304 498 ,nomen
1332 437 1641 509 inditum,
1707 440 2023 514 praeclara
2080 441 2329 503 victoria

377 520 582 596 ipsum
610 529 975 597 gentemque
997 521 1315 596 superavit
1355 528 1415 581 et
1442 521 1687 581 immani
1716 523 1897 583 etiam
1914 523 2209 585 Achaeos
2237 540 2328 602 re*

316 609 351 663 3
374 604 604 665 bellare
640 604 988 680 incipientis
1028 605 1183 665 fudit
1209 603 1385 666 acie.‚
1413 604 1535 672 Hic
1556 612 1652 666 est
1671 605 1961 682 Metellus·
1976 604 2327 681 Macedon&

378 703 489 748 cus
503 733 518 762 ,
535 687 651 764 qui
675 688 948 764 porticus
961 734 976 762 ‚
1002 703 1161 763 quae
1179 689 1357 749 fuere
1378 687 1786 750 circumdatae
1807 688 2048 751 duabus
2060 692 2326 756 aedibus

377 773 511 832 sine
545 771 940 847 inscriptione
969 773 1217 847 positis,
1270 787 1640 847 quaenunc
1670 763 1977 836 Octaviaes
1993 775 2332 851 porticibus
2434 807 2442 813 x

375 854 734 928 ambiuntur,
748 857 994 930 fecerat,
1009 857 1238 932 quique
1247 856 1407 917 hane
1417 863 1671 918 turmam
1686 865 2021 922 statuarum
2032 860 2330 935 equestri-

372 956 477 999 um
491 985 506 1013 ‚
562 954 719 1014 quae
763 939 1020 1000 frontem
1063 940 1306 1000 aedium
1328 947 1633 1014 spectant,
1666 940 1977 1017 hodieque
1994 942 2326 1005 maximum

216 1045 222 1051 ·
315 1015 352 1070 4
375 1030 794 1084 ornamentum
823 1023 956 1084 eius
978 1024 1098 1084 loci
1119 1039 1200 1084 ex
1218 1023 1582 1085 Macedonia
1596 1023 1839 1086 detulit-1
1889 1023 2073 1087 Cuius
2095 1032 2328 1088 turmae

373 1107 532 1167 hanc
561 1121 810 1184 causam
839 1108 1142 1181 referunt,
1165 1106 1881 1181 MagnumAlexandrurn
1903 1109 2265 1185 impetrasse
2291 1125 2333 1170 a

371 1189 684 1267 Lysippo,
716 1189 1006 1265 singulari
1036 1192 1244 1251 talium
1259 1200 1515 1252 auctore
1537 1207 1820 1267 operum,
1853 1198 2143 1253 uteorum
2157 1194 2328 1267 equi-

325 1309 334 1314 »
371 1281 526 1346 tum,
563 1275 668 1350 qui
697 1289 777 1334 ex
804 1274 1003 1350 ipsius
1032 1283 1228 1335 turma
1256 1276 1424 1351 apud
1453 1275 1778 1337 Granicum
1819 1274 2065 1336 flumen.
2087 1274 2326 1340 cecide—

371 1364 538 1431 rant,
586 1372 890 1433 expressa
937 1359 1331 1419 similitudine
1377 1359 1719 1434 figurarum-
1748 1361 1977 1420 faceret
2005 1365 2236 1422 statuas
2268 1367 2329 1420 et

317 1443 351 1495 5
373 1442 569 1517 ipsius
600 1457 849 1517 quoque
879 1443 953 1502 iis
984 1441 1414 1518 interponeret.
1462 1444 1581 1503 -Hic
1608 1443 1770 1504 idem
1797 1444 2032 1517 primus
2058 1441 2328 1504 omnium

371 1524 607 1585 Romae
635 1524 852 1586 aedem
881 1541 961 1585 ex
988 1542 1288 1587 marmore
1319 1528 1380 1586 in
1409 1527 1484 1587 iis
1525 1527 1679 1602 ipsis
1708 1526 2116 1589 monumentis
2155 1527 2328 1588 moli-

318 1609 353 1663 6
373 1615 472 1669 tus
488 1655 503 1682 ,
556 1610 655 1669 vel
696 1609 1181 1685 magnificentiae
1224 1611 1325 1670 vel
1370 1610 1650 1671 luxuriae
1698 1611 1991 1687 princeps
2014 1612 2149 1673 fuit.
2203 1610 2327 1672 Vix

329 1731 334 1736 -
371 1694 555 1754 ullius
595 1694 792 1769 gentis
810 1738 828 1768 ,
873 1696 1118 1768 aetatis,
1160 1695 1394 1755 ordinis
1432 1695 1738 1755 hominem
1767 1694 2105 1769 inveneris,
2152 1694 2330 1756 cuius

372 1777 717 1841 felicitatem
764 1778 1044 1839 fortunae
1075 1778 1308 1839 «Metelli
1347 1791 1704 1854 compares3
1754 1795 1897 1838 nam
1938 1786 2180 1854 praeter
2223 1791 2328 1836 ex:-

374 1861 650 1922 cellentis
668 1860 1009 1936 triumphes
1039 1861 1433 1937 honoresque
1458 1860 1879 1937 amplissimos
1900 1867 1966 1922 et
1992 1861 2330 1937 principale

371 1945 435 2002 in
464 1944 781 2019 republica
810 1944 1111 2020 fastigium
1139 1951 1576 2020 extentumque
1606 1945 1775 2006 vitae
1797 1946 2060 2022 spatium
2089 1943 2330 2006 etacris

373 2027 845 2101 innocentisque
878 2043 993 2103 pro
1043 2027 1362 2103 republica
1394 2044 1545 2089 acum
1590 2025 1852 2090 inimicis
1904 2030 2328 2106 contentiones

377 2116 664 2185 quattuor
692 2109 852 2171 filios
883 2111 1154 2184 sustulit,
1187 2113 1389 2180 omnis
1406 2113 1653 2184 adultae
1675 2114 1892 2175 aetatis
1918 2111 2109 2186 vidit„
2131 2112 2326 2172 omnis

214 2236 224 2245 .
315 2195 350 2250 7
372 2194 617 2269 reliquit
637 2196 1003 2268 superstites
1027 2201 1098 2255 et,
1113 2194 1640 2257 honoratissimos.
1698 2196 1920 2258 Mortui
1942 2197 2074 2256 eius
2102 2198 2325 2257 lectum

372 2293 489 2352 pro
527 2277 743 2340 rostris
785 2280 1162 2340 sustulerunt
1203 2287 1489 2355 quattuor
1506 2280 1654 2356 filii,
1694 2297 1855 2341 unus
1896 2276 2238 2342 consularis
2269 2285 2331 2339 et

374 2361 727 2435 censoriuS,
756 2361 907 2422 alter
923 2363 1298 2439 consularis,
1329 2364 1541 2425 tertius
1572 2366 1819 2439 consul,
1848 2370 2103 2440 quartus
2118 2361 2324 2438 candi*

373 2445 552 2505 datus
595 2445 979 2519 consulatuS,
1025 2462 1205 2521 quem
1246 2447 1544 2510 honorem
1582 2449 1999 2523 adeptussest.
2058 2447 2328 2520 ⁸Hocssest

283 2575 288 2582 „
329 2569 332 2572 n
374 2528 657 2590 nimirum
687 2528 883 2604 magis
914 2530 1169 2591 feliciter
1198 2531 1276 2590 de
1303 2533 1430 2593 vita
1450 2532 1714 2606 migrare
1743 2545 1928 2607 quam
1950 2530 2130 2591 mori.
2168 2577 2173 2584 .
2294 2567 2301 2584 2

317 2622 349 2675 1
536 2612 664 2674 XII.
751 2612 1059 2675 Universa
1082 2613 1337 2690 deiude,
1378 2622 1459 2676 ut
1474 2615 1924 2691 praediximuS‚
1953 2611 2240 2688 instincta
2265 2613 2329 2672 in

205 2715 210 2724 ·
371 2695 598 2757 bellum
626 2696 890 2772 Achaia,
922 2697 1095 2759 cuius
1125 2713 1273 2773 pars
1301 2715 1528 2774 magna
1552 2698 1833 2759 eiusdem—
1865 2696 2092 2758 Metelli
2120 2696 2324 2758 Mace-

373 2778 576 2839 donici
602 2780 825 2842 virtute
853 2781 1163 2858 armisque
1195 2783 1403 2842 fracta·
1418 2790 1577 2853 erat,
1619 2780 1883 2846 maxime
1906 2780 2236 2842 Corinthiis
2265 2780 2328 2856 iu

371 2877 539 2921 arma
567 2877 703 2923 cum
731 2866 1024 2940 gravibus
1068 2866 1247 2926 etiam
1289 2867 1353 2925 in
1378 2867 1693 2927 Romanos
1728 2866 2115 2926 contumeliis
2157 2861 2328 2926 insti-

272 2965 278 2973 ’
372 2945 687 3019 gantibus,
733 2949 1070 3011 destinatus
1112 2949 1170 3008 ei
1209 2949 1373 3011 bello
1415 2947 2325 3025 gerendo-cousulMummius.

314 3036 350 3088 2
370 3028 445 3088 Et
475 3030 591 3090 sub
620 3030 780 3090 idem
806 3038 1079 3109 tempus,
1121 3033 1317 3108 magis
1361 3033 1505 3108 quia
1544 3031 1833 3095 volebant
1848 3033 2115 3094 Romani
2157 3028 2324 3106 quie-

313 3143 320 3154 ·
374 3112 522 3188 quid
537 3114 615 3173 de
630 3114 1227 3189 Carthaginiensibus
1244 3117 1546 3180 diceretur
1559 3118 1830 3192 credere,
1844 3121 2026 3194 quain
2042 3115 2186 3192 quia
2199 3126 2328 3173 cre-

373 3196 577 3257 denda
603 3196 1027 3273 afferebantur,
1060 3202 1266 3261 statuit
1295 3208 1551 3261 senatus
1574 3199 1992 3276 Carthaginem
2019 3197 2325 3270 excidere.

317 3279 461 3341 alta
508 3281 728 3341 eodem
775 3290 1051 3359 tempere
1096 3282 1161 3342 P.
1188 3283 1845 3359 ,Scipio'Aemilianuffi
1891 3283 1985 3344 vir
2027 3279 2235 3342 avitis·
2257 3279 2324 3348 Β.

371 3365 644 3426 Africani
681 3365 1074 3441 paternisque
1091 3366 1164 3426 L.
1183 3368 1355 3427 Pauli
1383 3366 1708 3429 virtutibus
1738 3364 2104 3440 simillimus,
2135 3363 2323 3425 omni-

374 3447 492 3509 bus
513 3449 657 3510 belli
681 3464 752 3510 ac
775 3458 955 3526 togae
965 3450 1222 3532 dotibus
1245 3451 1575 3527 ingenique
1592 3467 1673 3513 ac
1688 3449 2030 3511 studiorum
2056 3449 2323 3526 eminen-
2344 3489 2351 3498 -
