2634 3909
624 164 1042 273 msromAi:
1084 207 1473 272 ROMANAE
1513 208 1597 283 11,
1615 207 1728 271 m.
1756 216 1844 271 63.
2123 203 2207 269 53

250 369 393 445 peio
423 375 484 428 et
513 366 574 427 C.
607 365 853 426 Caesari
883 365 1244 439 contigerat)
1288 379 1400 437 pro
1429 369 1714 437 praetore
1743 379 1866 422 una
1896 378 2031 422 cum
2063 377 2207 424 con-

132 489 145 504 ·
251 451 485 514 sulibus
528 448 864 523 designatis
905 447 1097 507 Hirtio
1139 454 1200 506 et
1238 444 1441 505 Pansa
1486 446 1706 506 bellum
1761 462 1898 506 cum
1939 448 2207 508 Antonio

251 551 465 612 gerere
514 534 710 594 iussit.
780 533 902 604 [Id]
948 530 1024 589 ab
1072 545 1147 589 eo
1189 545 1412 589 annum
1440 537 1659 605 agente
1698 528 2057 590 vicesimum
2088 531 2207 591 sor·
2232 532 2267 586 4

253 620 487 680 tissime
531 618 693 678 circa
730 614 1022 675 Mutinam
1075 613 1555 673 administratum
1611 621 1706 674 est
1759 621 1819 674 et
1869 615 1940 673 D.
1984 609 2208 675 Brutus

260 702 586 764 obsidione
611 700 934 768 liberatuS,
966 697 1270 757 Antonius
1297 696 1461 772 turpi
1490 712 1562 756 ac
1590 698 1758 757 nuda
1786 699 1931 772 fuga
1958 708 2209 759 coactus

254 788 540 848 deserere
566 783 831 855 Italiam,
874 782 1192 841 consulum
1218 790 1421 841 autem
1444 781 1632 841 alter
1615 798 1675 843 in
1703 781 1865 855 acie,
1899 782 2050 842 alter
2073 790 2214 858 post

256 885 491 952 paucos
523 868 657 928 dies
690 882 769 925 ex
796 866 1045 925 vulnere
1075 872 1328 925 mortem
1361 863 1526 924 obiit

424 950 599 1012 Lxll.
653 948 897 1014 Omnia
935 956 1073 1007 ante
1106 964 1288 1023 quam
1319 949 1630 1022 fugaretur
1656 947 1988 1024 Antonius,
2018 948 2209 1008 hono·
2238 962 2266 1013 1

254 1038 427 1100 rifice
479 1051 518 1093 a
545 1041 762 1095 senatu
811 1034 870 1094 in
902 1032 1225 1092 Caesarem
1276 1032 1737 1106 exercitumque
1787 1032 1920 1092 eius
1965 1034 2213 1092 decreta

258 1127 429 1194 sunt,
481 1116 742 1178 maxime
789 1122 1040 1177 auctore
1071 1115 1394 1185 Cicerone;
1438 1114 1551 1175 sed
1591 1123 1657 1175 ut
1696 1117 1960 1176 recessit
1995 1124 2210 1190 metue,

259 1204 456 1278 erupit
496 1203 779 1262 voluntas
822 1201 1223 1275 protinusque
1264 1198 1654 1275 Pompeianis
1709 1201 1983 1274 partibus
2034 1201 2215 1260 rediit
2261 1217 2269 1226 ⁸

258 1287 515 1350 animus
576 1284 761 1345 Bruto
805 1284 1145 1359 Cassioque
1173 1284 1557 1359 provinciae,
1592 1299 1746 1357 quas
1783 1284 1903 1343 iam
1930 1284 2270 1358 ipsisiness

257 1372 382 1432 ullo
424 1375 674 1428 senatus
725 1369 1005 1428 consulto
1058 1374 1539 1443 occupaverant,
1594 1362 1908 1440 decretae,
1966 1368 2211 1441 laudati,

260 1454 612 1529 quicunque
625 1452 723 1511 his
738 1466 807 1510 se
822 1450 1123 1510 exercitus
1140 1451 1554 1523 tradidissent,
1586 1453 1788 1511 omnia
1812 1452 2215 1511 transmarina

257 1536 514 1612 imperia
555 1550 766 1594 corum
805 1534 1135 1594 commissa
1180 1535 1443 1594 arbitrio
1517 1497 1755 1616 Quippe
1793 1535 1873 1594 Μ.
1901 1536 2128 1595 Brutus
2158 1542 2272 1597 et3

263 1621 327 1681 C.
344 1620 628 1690 CassiuS,
660 1633 822 1677 nunc
850 1624 1187 1677 metuentes
1215 1633 1385 1677 arma
1398 1619 1655 1691 Antoni,
1688 1633 1851 1677 nunc
1879 1618 1959 1676 ad
1989 1635 2215 1693 augen-

262 1705 404 1764 dam
434 1704 566 1762 eius
608 1701 897 1761 invidiam
938 1701 1289 1761 simulantes
1333 1717 1403 1760 se
1431 1708 1729 1774 metuere,
1772 1702 1972 1760 testati
2000 1702 2216 1761 edictis

262 1788 520 1850 libenter
542 1800 611 1844 se
635 1787 730 1844 vel
753 1784 813 1844 in
840 1783 1138 1861 perpetuo·
1161 1785 1344 1844 exilio
1369 1785 1670 1855 victuros,
1695 1784 1841 1843 dum
1861 1785 2216 1859 respublica

264 1877 575 1933 constaret
601 1876 661 1929 et
687 1868 1050 1941 concordia,
1081 1883 1195 1928 nec
1223 1870 1407 1929 ullam
1434 1868 1576 1928 belli
1607 1868 1802 1928 civilis
1834 1868 2218 1943 praebituros

263 1954 573 2016 materiam
592 2000 606 2025 ‚
638 1954 959 2031 plurimum
988 1953 1104 2012 sibi
1133 1952 1387 2013 honoris
1413 1967 1557 2014 esse
1588 1952 2048 2013 in-conscientia
2078 1952 2220 2013 facti

265 2039 388 2110 sui,
425 2039 681 2111 profecti
710 2038 865 2097 urbe
894 2043 1077 2111 atque
1107 2036 1276 2097 Italia
1303 2037 1534 2098 intento
1563 2052 1636 2096 ac
1678 2038 1812 2111 pari
1853 2036 2055 2098 animo
2087 2037 2221 2097 sine

265 2122 623 2184 auctoritate
656 2121 899 2196 publica
918 2121 1269 2196 provincias
1293 2120 1725 2195 exercitusque
1748 2128 2219 2196 occupaverant,

269 2215 330 2268 et
351 2198 697 2280 ubicunque
724 2206 845 2279 ipsi
872 2211 1110 2278 essent,
1144 2211 1576 2279 praetexentes
1595 2219 1738 2265 esse
1762 2205 2222 2281 rempublicam,

266 2290 562 2366 pecunias
594 2289 803 2359 etiam,
837 2303 996 2363 quae
1025 2303 1103 2347 ex
1141 2288 1563 2349 transmarinis
1605 2289 1940 2365 provinciis
1968 2288 2227 2351 Romam

269 2374 347 2434 ab
383 2369 811 2447 quaestoribus
842 2372 1350 2446 deportabantur,
1396 2387 1433 2432 a
1461 2374 1804 2433 volentibus
1836 2379 2222 2449 acceperant.

269 2457 436 2531 Quae
481 2456 685 2516 omnia
720 2464 974 2516 senatus
1015 2456 1277 2516 decretis
1321 2471 1687 2532 comprensa
1729 2464 1789 2516 et
1829 2456 2284 2532 comprobata4

270 2549 412 2601 sunt
440 2548 501 2601 et
525 2540 596 2601 D.
626 2539 848 2614 Bruto,
882 2540 1050 2615 quod
1083 2540 1280 2600 alieno
1310 2541 1614 2602 beneficio
1642 2541 1907 2614 viveret,
1939 2541 2226 2600 decretus

269 2624 643 2698 triumphus;
686 2623 929 2685 Pansae
956 2621 1140 2699 atqu'e
1160 2623 1313 2684 Hirti
1344 2640 1609 2700 corpora
1637 2624 1883 2700 publica
1911 2624 2230 2699 sepultura

271 2708 605 2768 honorata=
646 2707 941 2768 Caesaris
992 2709 1151 2769 adeo
1183 2709 1349 2768 nulla
1378 2708 1585 2769 habita
1628 2707 1889 2781 mentio,
1942 2714 2007 2767 ut
2048 2708 2230 2782 legati

273 2792 379 2866 qui
401 2792 480 2850 ad
505 2794 833 2851 exercitum
859 2792 992 2851 elus
1023 2792 1195 2852 missi
1219 2798 1420 2866 erant,
1452 2792 1808 2852 iuberentur
1826 2799 2129 2853 summoto
2154 2806 2230 2852 eo

271 2875 492 2948 milites
517 2875 784 2949 adloqui.
854 2875 988 2938 Non
1031 2876 1141 2936 fuit
1180 2884 1297 2935 tam
1343 2877 1614 2951 ingratus
1657 2877 2231 2952 exercitumquam
2256 2897 2290 2949 5

272 2958 472 3018 fuerat
483 2966 764 3018 senatus=
793 2975 932 3018 nam
952 2975 1085 3019 curn
1102 2975 1234 3019 eam
1251 2960 1531 3021 iniuriam
1543 2960 1989 3022 dissimulando
2010 2960 2235 3023 Caesar

272 3045 495 3115 ferret,
522 3033 828 3116 negavere
852 3043 1070 3103 milites
1105 3043 1240 3104 sine
1264 3046 1634 3120 imperatore
1663 3060 1778 3105 suo
1809 3046 1934 3106 ulla
1965 3061 2035 3106 se
2064 3046 2235 3105 audi-

270 3135 444 3187 turos
491 3126 797 3186 mandata.
862 3127 997 3186 Hoc
1040 3133 1135 3187 est
1167 3129 1315 3189 illud
1350 3138 1620 3203 tempuS,
1656 3145 1780 3202 quo
1812 3129 2026 3190 Cicero
2056 3131 2237 3190 insito
2259 3132 2294 3187 6

274 3226 484 3271 amore
523 3209 1032 3285 Pompeianarum
1077 3213 1338 3287 partium
1384 3213 1709 3273 Caesarem
1757 3214 2128 3274 laudandum
2175 3219 2236 3271 et

275 3295 608 3355 tollendum
632 3294 942 3369 censebat,
959 3311 1096 3356 cum
1112 3293 1279 3356 aliud
1293 3296 1541 3372 diceret,
1561 3296 1726 3357 aliud
1742 3297 2009 3372 intellegi
2034 3294 2236 3354 vellet.

441 3379 644 3439 LXIII.
730 3378 977 3438 Interim
1014 3380 1321 3440 Antonius
1380 3380 1526 3455 fuga
1583 3388 2014 3455 transgressus
2060 3375 2239 3452 Alpis
2266 3385 2295 3437 1

280 3463 473 3537 primo
507 3479 615 3536 per
642 3463 972 3539 conloquia
1001 3464 1290 3538 repulsus
1320 3480 1359 3525 a
1385 3463 1466 3523 M.
1497 3463 1764 3542 Lepido,
1794 3463 1927 3538 (qui
1955 3461 2236 3537 pontifex
