2634 3909
417 199 502 266 74
905 245 910 250 -
951 201 1038 261 ΙΙ.
1065 199 1359 264 vam!
1398 197 1831 262 1³1&le

354 364 380 419 1
544 373 548 378 ’
577 352 782 417 XOEX.
843 352 1029 415 Brevi
1054 351 1370 413 interiecto
1411 350 1613 427 spatio
1638 351 1915 413 ussere
1945 352 2189 416 duobus
2219 368 2367 416 con-

415 433 715 500 sulatibus
739 436 1119 512 totidemque
1141 434 1467 512 trimnphis
1488 436 1641 496 actis
1662 435 2041 504 tribuniciae
2043 440 2367 512 potestatis

414 523 808 585 consortione
833 527 1134 595 aequatus
1154 520 1458 596 Augusto,
1488 517 1710 581 'civium
1726 526 1881 595 post
1905 536 2111 595 unum,
2142 528 2206 583 et
2224 520 2369 595 hoc,

415 607 561 684 quia
586 606 848 678 volebat,
879 603 1417 677 eminentissimus,
1436 603 1687 664 ducum
1699 604 2018 678 maximus,
2052 567 2217 666 sama
2232 605 2367 668 .·for

410 698 684 768 tunaque
718 688 1148 750 celeberrimus
1189 693 1251 747 et
1275 703 1436 748 vere
1474 689 1749 760 alterum
1758 688 2156 763 reipublicae
2164 690 2365 758 lumen

373 813 384 820 -
411 781 473 835 et
511 780 724 850 caput,
775 773 927 834 mira
968 772 1232 847 quadam
1275 779 1337 833 et
1373 771 1710 832 incredibili
1752 778 1937 848 atque
1977 772 2364 836 inenarrabili

411 858 667 936 pietate,
710 856 884 919 cuius
914 872 1141 917 causae
1179 872 1326 918 mox
1356 855 1644 917 detectae
1661 862 1829 928 sunt,
1876 871 2012 918 cum
2040 855 2107 916 C.
2138 854 2370 917 Caesar

410 941 781 1019 sumpsisset
808 941 928 1002 iam
953 940 1188 1002 virilem
1215 947 1441 1016 tog-am,
1471 939 1696 1000 Lucius
1724 941 1867 1000 item
1894 947 2166 1004 maturus
2194 949 2368 1000 esset

408 1027 661 1097 viribus,
692 1040 770 1085 ne
797 1023 998 1100 fulgor
1013 1022 1179 1085 suus
1203 1024 1522 1085 orientium
1548 1023 1835 1084 iuvenum
1860 1023 2130 1086 obstamt
2155 1023 2361 1096 initiis,

410 1109 793 1171 dissimulata
822 1124 1013 1170 causa
1041 1109 1259 1170 consili
1287 1109 1385 1169 sui
1414 1098 1815 1169 commeatum
1834 1107 1915 1168 ab
1937 1123 2155 1169 socero
2177 1114 2369 1183 atque

410 1194 631 1255 eodem
669 1193 885 1254 vitrico
925 1192 1368 1268 adquiescendi
1396 1207 1433 1252 a
1460 1192 1914 1253 continuatione
1954 1191 2240 1253 laborum
2257 1207 2363 1267 pe

343 1289 380 1343 2
407 1277 516 1340 tiit.
560 1278 709 1353 Quis
738 1271 918 1339 fuerit
944 1292 1021 1338 eo
1049 1283 1328 1351 tempore
1354 1276 1616 1337 civitatis
1644 1275 1918 1348 habitus,
1961 1276 2065 1350 qui
2091 1277 2363 1352 singido-

406 1378 544 1423 rum
584 1361 800 1436 animi,
842 1375 1001 1436 quae
1042 1360 1505 1436 digredientium
1544 1376 1584 1420 a
1620 1366 1787 1422 tauto
1817 1360 1950 1420 viro
1981 1359 2246 1424 omnium
2265 1360 2362 1419 ··la

359 1481 362 1488 ·
408 1446 660 1520 crimae,
694 1460 877 1520 quam
894 1460 1103 1520 paene
1129 1445 1184 1505 ei
1213 1445 1411 1521 patria
1437 1460 1681 1506 manum
1708 1442 2010 1516 iniecerit,
2038 1444 2201 1505 iusto
2228 1458 2363 1505 ser-

339 1541 378 1597 3
406 1525 623 1610 ve'mus
647 1530 852 1605 operi=
880 1528 1031 1589 'illud
1056 1529 1235 1591 etiam
1264 1528 1325 1588 in
1359 1527 1480 1589 hoc
1506 1535 1864 1589 transcursu
1890 1527 2214 1588 dicendum
2246 1535 2364 1603 est,

405 1616 489 1675 ita
530 1621 766 1689 septem
816 1630 1013 1674 annos
1054 1612 1258 1675 Rhodi
1304 1619 1633 1686 moratum,
1666 1618 1753 1673 rut
1791 1627 2036 1685 omnes,
2088 1612 2196 1687 qui
2245 1627 2361 1688 pro

353 1702 364 1744 ἑ
407 1696 767 1760 consulibus
788 1691 1096 1774 legatique
1115 1696 1177 1757 in
1200 1696 1640 1758 transmarinas
1666 1697 1929 1773 proiecti
1958 1696 2191 1774 [essent]
2217 1712 2362 1772 pro-

404 1782 673 1857 vincias,
713 1782 957 1843 visendi
986 1781 1121 1845 eius
1149 1782 1345 1857 gratia
1372 1781 1449 1841 ad
1480 1797 1620 1843 eum
1652 1780 2085 1842 convenientes
2114 1796 2366 1856 semper

405 1867 675 1941 privato,
720 1867 774 1926 si
803 1867 905 1927 illa
930 1868 1218 1926 maiestas
1250 1865 1488 1941 privata
1513 1880 1785 1942 unquam
1811 1862 1949 1940 fuit,
1991 1864 2181 1925 fascis
2209 1881 2363 1926 suos

406 1948 820 2011 summiserint
858 1951 1136 2024 fassique
1184 1950 1304 2009 sint
1351 1948 1537 2010 otium
1582 1949 1714 2009 eius
1763 1947 2122 2009 honoratius
2170 1950 2363 2025 impe-

403 2034 496 2093 rio
527 2050 663 2094 suo.

257 2137 272 2144 ⁷
343 2124 372 2174 1
568 2117 632 2175 G.
665 2115 906 2177 'Sensit
943 2124 1236 2178 terrarum
1278 2115 1445 2176 orbis
1485 2115 1832 2192 digressum
1863 2132 1902 2177 a
1934 2115 2216 2177 custodia
2230 2116 2360 2176 ‚Ne-

404 2215 617 2261 renem
655 2200 856 2261 urbis·
908 2216 1046 2261 nam
1073 2208 1134 2261 et
1158 2200 1418 2261 Parthus
1459 2199 1817 2261 desciscens
1848 2216 1887 2260 a
1914 2201 2207 2272 societate
2233 2200 2360 2262 Ro-

404 2299 588 2345 mana
622 2283 848 2346 adiecit
873 2285 1200 2346 Armeniae
1238 2299 1485 2346 manum
1526 2293 1592 2346 et
1617 2283 1964 2345 Germania
1978 2283 2217 2346 aversis
2246 2284 2358 2346 do-

336 2373 374 2427 2
401 2368 637 2448 mitoris
678 2369 771 2428 sui
817 2361 1016 2430 oculis
1053 2369 1388 2430 rebellavit.
1456 2369 1539 2428 At
1579 2368 1641 2428 in
1681 2369 1835 2429 urbe
1876 2385 1953 2429 eo
1995 2370 2161 2443 ipso
2174 2384 2356 2441 anno,

406 2469 529 2530 quo
571 2452 1186 2528 magnificentissimis
1231 2453 1571 2527 gladiatorii
1616 2452 1883 2513 muneris
1930 2451 2358 2512 naumachiae-

405 2552 526 2613 que
556 2536 925 2611 spectaculis
956 2535 1138 2596 divus
1166 2538 1484 2612 Augustus
1513 2536 1739 2597 abhinc
1764 2551 1960 2597 anuos
1990 2536 2279 2611 triginta,
2272 2551 2359 2596 se

402 2627 464 2681 et
493 2621 666 2682 Gallo
697 2621 946 2681 Caninio
976 2620 1364 2695 consulibus,
1406 2621 1690 2683 dedicato
1718 2620 1955 2681 Martis
1968 2620 2217 2695 templo
2227 2622 2357 2682 ani-

400 2720 537 2765 mos
588 2705 929 2780 oculosque
975 2705 1189 2789 populi
1230 2666 1505 2766 Romani
1535 2707 1908 2781 repleverat,
1959 2704 2145 2777 foeda
2191 2701 2357 2765 dictu

399 2788 814 2863 memoriaque
856 2783 1165 2849 horrenda
1201 2790 1261 2848 in
1304 2788 1504 2864 ipsius
1535 2789 1718 2850 domo
1760 2795 2097 2864 tempestas
2120 2786 2358 2863 erupit·

335 2877 373 2934 3
402 2871 636 2947 quippe
674 2871 803 2933 filia
843 2873 976 2933 eius
1005 2872 1185 2948 Iulia,
1201 2888 1339 2948 per
1382 2873 1585 2933 omnia
1612 2873 1772 2933 tanti
1812 2872 2099 2949 parentis
2112 2886 2201 2931 ac
2239 2871 2357 2930 viri

400 2955 744 3030 immemor,
783 2951 958 3017 nihil
970 2956 1139 3031 quod
1179 2957 1385 3017 facere
1421 2963 1527 3018 aut
1565 2956 1691 3036 pati
1731 2956 2011 3032 turpiter
2022 2961 2240 3032 posset
2268 2955 2355 3014 te

349 3035 582 3112 mina,
611 3040 868 3118 luxuria,
896 3039 1144 3101 libidine
1171 3040 1458 3101 infectum
1482 3041 1729 3117 reliquit
1752 3039 2359 3115 magnitudinemque

400 3122 681 3184 fortunae
708 3137 861 3184 suae
887 3124 1184 3200 peccandi
1205 3124 1453 3186 licentia
1468 3125 1845 3196 metiebatur,
1882 3124 2178 3200 quicquid
2204 3121 2358 3188 libe·

336 3215 375 3268 4
396 3213 491 3267 ret
517 3219 632 3282 pro
673 3205 836 3267 lieito
876 3206 1218 3270 vindicans.
1282 3209 1433 3269 Tum
1460 3210 1626 3270 Iulus
1655 3208 2017 3282 Antonius,
2044 3207 2358 3283 singulare

400 3292 749 3367 exemplum
781 3291 1135 3356 clementiae
1164 3291 1463 3366 CaesariS‚
1493 3293 1752 3354 violator
1779 3293 1915 3353 eius
1944 3292 2196 3364 domus‚.
2214 3290 2360 3374 ipse

401 3376 654 3435 sceleris
696 3389 735 3435 a
764 3390 835 3436 se
861 3375 1175 3437 commissi
1199 3378 1378 3439 ultor
1404 3377 1544 3448 fuit3
1588 3392 1781 3454 quem
1819 3376 1983 3436 victo
2010 3374 2146 3436 eiu's
2174 3380 2360 3449 patre

361 3455 365 3460 '
400 3473 524 3518 non
551 3466 779 3521 tantum
808 3459 1220 3521 incolumitate
1247 3461 1600 3537 donaverat,
1631 3460 1748 3523 sed
1775 3459 2153 3533 sacerdotio,
2168 3472 2360 3533 prae-
