2634 3909
755 193 951 248 ram.
986 193 1259 245 HAAsn
1292 193 1747 250 PRAEFATIO.
1985 163 1990 172 ’
2239 207 2302 248 11

356 325 447 388 47,
474 326 531 385 2.
579 329 788 379 medium
811 331 907 378 iam
926 330 1037 379 vix
1057 329 1541 394 invidiapartium
1574 344 1646 379 ac
1670 327 1966 392 familiae
1989 327 2308 380 cohaerentis

232 398 619 447 -coneordiae
638 401 838 461 piynus.
885 395 947 444 Η.

360 459 465 523 48,
493 458 549 519 2.
598 464 843 525 defzdsset
864 464 1107 525 fortunae
1141 425 1495 512 deser-'endi
1522 464 1628 513 eius
1661 464 1821 521 locus,
1860 462 1940 511 vel
1963 462 2130 526 potius
2154 463 2305 511 desti‘

225 533 441 582 tuendi..
465 532 529 579 cf.
556 530 618 589 II,
644 528 712 579 69
736 538 861 579 extr.
908 530 975 579 M.

362 594 466 656 48,
493 594 546 654 3.
595 600 732 647 acius
764 611 916 646 sane
948 595 1306 661 voluptatibus,
1342 604 1397 645 ut
1428 599 1589 646 animo
1614 595 1744 659 (ὣ
1770 602 1933 646 ortum
1956 596 2022 645 sit
2046 610 2110 644 ex
2132 594 2305 644 litteris

228 664 348 715 Effe.
395 664 458 714 Μ.

363 728 463 790 49,
490 728 546 785 4.
589 732 940 794 postulaverat
961 730 1292 780 tantumnodo
1316 735 1577 779 contentus
1609 746 1715 779 cum
1746 745 1848 778 una
1879 731 2073 794 leyione
2095 753 2163 763 -—-
2178 744 2310 796 pro<

226 800 441 856 vinciae,
483 801 718 862 privatus
750 803 816 845 ut
846 799 881 845 i.
917 812 966 845 u.
999 801 1192 847 veniret
1225 803 1276 846 et
1305 811 1362 846 se
1383 822 1450 831 ·-—
1473 800 1800 846 committeret
1831 796 2101 845 decrevere
2123 820 2206 842 -.
2241 796 2310 843 ita

227 865 546 916 scribendum
580 880 693 914 esse
728 864 897 914 docuit
927 864 994 913 Μ.
1044 865 1127 913 die
1150 863 1488 927 Rechtsfraye
1518 864 1762 914 zwisclzen
1789 864 1979 914 Caesar
1995 878 2048 911 u.
2074 863 2126 912 d.
2151 861 2310 911 Senat

227 947 331 999 pag
365 995 440 1054 53
455 993 548 1113 ,d5.
565 1002 698 1113 j3tam
725 997 1002 1062 simplem
1042 1003 1176 1047 esset
1207 1007 1450 1048 annorum
1494 998 1724 1062 dipestio.
1771 996 1831 1045 Η.
1901 999 2004 1046 tam
2041 997 2311 1060 prolixa

228 1072 368 1115 esset
386 1080 440 1112 a.
505 1099 519 1111 .
611 1102 623 1113 .
740 1099 751 1112 .

367 1127 460 1187 54,
486 1129 533 1185 l.
581 1133 781 1197 utrique
801 1143 1120 1181 summorum
1141 1125 1502 1195 imperatorum
1519 1131 1726 1180 meritas
1740 1146 1941 1195 poenas
1965 1132 2118 1179 alteri
2135 1143 2314 1193 super-

228 1202 346 1249 stiti
364 1202 501 1248 luere
525 1203 803 1263 suppliciis.
836 1198 907 1248 Μ.
1306 1245 1309 1250 .

367 1262 468 1323 55,
495 1261 551 1321 4.
598 1269 864 1316 restitutae
895 1271 1040 1315 sunt
1072 1277 1106 1313 a
1128 1266 1252 1314 duce
1278 1281 1423 1331 quam
1446 1281 1480 1314 a
1500 1267 1650 1315 milite
1679 1267 1899 1329 potius.
1944 1264 2010 1314 M.

368 1329 466 1392 57,
490 1329 549 1389 3.
594 1328 1166 1399 inehtctabiltsssfatowm
1188 1335 1291 1389 vis,-
1325 1348 1449 1382 cum
1481 1337 1653 1382 cuius
1684 1332 1940 1392 fortunam
1969 1336 2163 1381 mutare
2198 1346 2313 1380 con-

229 1400 419 1457 stituit,
445 1415 490 1449 c.
515 1402 807 1463 corrumpit.
842 1399 909 1449 Μ.
2119 1399 2130 1410 '

370 1462 471 1522 59,
494 1463 544 1520 1.
595 1467 670 1514 De
694 1470 833 1514 cuius
856 1467 1049 1530 origine
1073 1470 1222 1513 etiam
1243 1467 1337 1515 sic
1365 1466 1729 1529 praecipiti
1755 1480 1922 1528 pauca
1946 1465 2162 1515 dicenda
2182 1470 2314 1513 sunt.

234 1532 303 1581 cf.
329 1532 368 1590 1,
399 1530 478 1590 16,
507 1531 555 1579 1.
603 1535 656 1581 in
678 1532 773 1579 hac
795 1537 896 1579 tam
915 1533 1195 1594 praecipiti
1208 1532 1553 1593 festinatione.
1587 1531 1644 1580 B.

374 1595 474 1651 59,
501 1592 553 1651 6.
603 1598 885 1660 aequaliter
917 1612 1392 1660 coruscansque
1427 1601 1477 1645 in
1501 1602 1717 1647 colorem
1740 1613 1906 1650 arcus.
1954 1597 2012 1646 B.

374 1660 471 1719 60,
497 1657 554 1716 2.
600 1664 868 1726 maluitque
891 1667 1127 1712 avunculo
1153 1669 1204 1713 et
1231 1663 1443 1727 Caesari
1472 1665 1627 1713 dare
1650 1680 1706 1714 se
1731 1680 1875 1729 quam
1894 1666 2070 1714 vitrico
2095 1665 2314 1713 cedere.

236 1737 299 1779 ut
324 1729 418 1778 ado
435 1735 441 1740 “
456 1729 525 1777 tio
557 1728 891 1791 intellegatur.
938 1729 1006 1778 Μ.

374 1791 408 1852 6
460 1832 474 1855 ,
502 1792 557 1850 2.
608 1796 859 1859 affinitas,
897 1798 1138 1861 priniana
1168 1797 1237 1846 A.
1283 1797 1538 1859 desponsa
1573 1796 1798 1879 Caesari.
1867 1796 2066 1845 omissis
2112 1796 2318 1845 vocibus

238 1878 349 1986 Q
374 1868 548 1988 ῗέῗΐί.
567 1862 724 1980 MCum
756 1928 809 1979 in
843 1929 923 1979 ed.
958 1930 1116 1995 princ.
1152 1938 1201 1979 et
1233 1931 1283 1979 in
1321 1929 1433 1979 cod.
1468 1931 1669 1980 Amerb.
1705 1931 1943 1995 scriptum
1975 1930 2040 1979 sit
2072 1931 2317 1986 nunciari,

244 1995 370 2046 nihil
403 1995 541 2045 aliud
573 1996 938 2059 anquirendum
963 1999 1075 2046 este
1108 1998 1199 2046 sed
1231 2002 1471 2047 nunciare
1495 1997 1811 2047 scribendum
1833 1997 1980 2047 docui
2002 1998 2054 2045 in
2077 1996 2317 2046 adnotatt.

243 2065 353 2112 crit.
380 2063 444 2113 ad
467 2062 585 2112 Sen.
612 2063 728 2112 dial.
757 2064 818 2121 II,
850 2062 937 2122 10,
965 2062 1013 2114 3.
1060 2064 1113 2113 in
1147 2064 1252 2113 ind.
1287 2064 1421 2113 lectt.
1445 2064 1650 2114 Vratisl.
1677 2072 1799 2114 aest.
1836 2062 1981 2113 1852.
2007 2078 2122 2130 pag.
2149 2063 2198 2113 5.
2247 2064 2320 2114 De

228 2131 490 2193 ,sententia
523 2129 588 2178 ef.
626 2129 745 2180 Sen.
782 2130 898 2179 dial.
924 2131 1009 2189 IV,
1047 2131 1137 2193 (de
1168 2131 1242 2179 ira
1272 2129 1366 2193 ῙΙ,)
1401 2146 1443 2180 c.
1479 2130 1561 2191 27,
1588 2130 1638 2180 4.
1687 2131 1902 2194 Adfecti
1931 2146 2092 2181 sumus
2118 2146 2319 2196 poena.-

240 2202 509 2247 succurrat
530 2212 631 2247 non
652 2203 843 2247 tantum
865 2198 988 2263 quid
1000 2201 1286 2261 patiamur,
1310 2200 1407 2247 sed
1428 2199 1551 2263 quid
1565 2199 1850 2260 fecerimus.
1889 2212 1986 2261 quo
2012 2198 2120 2247 loco
2142 2212 2234 2262 pro
2260 2212 2319 2247 eo

244 2264 383 2327 quod
406 2272 482 2313 est
501 2270 789 2321 succurrat,
816 2264 914 2321 dici
940 2265 1086 2312 etiam
1108 2265 1296 2328 potuit:
1319 2268 1605 2314 nunciemus
1627 2265 1786 2315 nobis.
1809 2265 1895 2318 ‚H.

362 2327 480 2389 -68,
505 2327 555 2384 1.
602 2346 761 2397 neque
785 2333 912 2379 enim
932 2346 1292 2394 personarum
1314 2331 1533 2380 umbram
1554 2335 1856 2382 maiestas
1880 2336 1962 2382 rei
1977 2349 2033 2396 p.
2059 2334 2212 2397 capit.
2261 2332 2318 2381 Β.
2420 2321 2426 2327 ’

468 2393 546 2446 ib.
593 2412 699 2447 cum
731 2400 782 2447 in
815 2400 1082 2448 meliora
1113 2399 1308 2463 quidem
1331 2399 1740 2464 servariposset.
1786 2399 1853 2449 M.

469 2462 547 2514 ib.
594 2468 647 2513 in
668 2464 793 2514 urbe
814 2465 1132 2523 seditionem,
1171 2466 1233 2513 in
1266 2466 1410 2530 apri
1419 2480 1447 2515 s
1478 2466 1644 2515 haud
1672 2468 1864 2516 occulte
1898 2466 2122 2516 bellicum
2154 2470 2323 2515 tumul·

244 2538 349 2581 tum
368 2545 582 2583 movens.
627 2531 695 2581 M.
745 2529 889 2595 quod‘
903 2532 1086 2596 recepi.

382 2597 480 2660 75,
506 2595 560 2656 3.
600 2598 804 2663 fuyiens
825 2613 946 2648 mooe
962 2599 1008 2661 f.
1032 2614 1074 2647 s.
1103 2598 1339 2649 Caesaris
1361 2604 1635 2658 armatos,
1661 2599 1832 2648 bimum
1855 2622 1936 2648 —-.
1962 2598 2029 2649 M.

384 2663 478 2725 79,
503 2668 553 2722 1.
595 2680 699 2729 per
720 2668 886 2716 omnia
907 2661 1122 2730 [satra]
1146 2667 1415 2715 dilationes
1431 2680 1703 2729 perosus.
1750 2665 1807 2715 B.

385 2730 455 2788 81
470 2769 483 2791 ,
507 2730 574 2787 1.ν
602 2732 916 2781 salubritatis
938 2735 1128 2791 instar,
1157 2731 1292 2797 quod
1313 2731 1409 2781 fuit
1430 2733 1482 2781 in
1508 2732 1637 2793 cod.,
1664 2731 1889 2782 defendit
1909 2731 1966 2781 B.

379 2795 465 2914 382
478 2798 573 2862 ..4.
619 2803 899 2849 succinctus
941 2813 1118 2848 vocem
1161 2799 1346 2848 retinui
1392 2815 1455 2848 ex
1500 2799 1611 2849 cod.
1658 2799 1722 2848 of.
1757 2798 1905 2849 Orell.
1942 2799 2007 2848 ad
2038 2800 2153 2850 Tac,
2188 2802 2324 2851 Anu.

250 2866 353 2923 XI,
416 2865 460 2913 1.
507 2865 570 2914 Η.

389 2927 488 3045 8δέ
514 2927 584 3046 {7
618 2947 710 3045 {ec
724 2938 988 3048 gaci-squam
1007 2936 1336 2998 interemptus
1357 2939 1457 2991 est,
1493 2930 1878 2999 [interemerunt
1899 2949 1955 2983 se
1976 2932 2107 3000 ipsi]
2124 2942 2329 2999 paucis-

250 3001 379 3048 simi.
428 3012 455 3043 c
480 3035 492 3046 .
586 3034 600 3057 ,
665 3034 677 3046 .
770 3036 781 3047 .
2161 3023 2170 3030 -

387 3062 479 3121 91,
505 3062 556 3120 1.
604 3066 742 3130 quod
760 3080 1028 3129 cognomen
1048 3068 1124 3117 ilci
1141 3064 1281 3117 viro'
1299 3067 1482 3117 Planci
1500 3069 1752 3117 sententia
1769 3070 2326 3127 consensus—indidit,

254 3141 451 3183 servata
474 3132 585 3182 cod.
609 3132 853 3196 scriptura
873 3136 1007 3193 viro,
1043 3148 1194 3197 quam
1215 3140 1382 3183 tuetur
1406 3133 1519 3182 coll.
1546 3149 1588 3182 c.
1615 3131 1700 3191 87,
1726 3135 1776 3183 2.
1825 3134 1882 3183 Β.

389 3196 487 3258 95,
514 3198 568 3257 3.
617 3208 744 3249 extr.
769 3200 888 3249 item
911 3201 1206 3267 scripturam
1228 3201 1340 3251 cod.
1366 3209 1532 3251 tuetur
1553 3200 1611 3249 B.
1660 3215 1753 3249 nec
1787 3215 1880 3264 ego
1906 3216 2039 3250 nune
2061 3201 2329 3251 admodum

420 3281 502 3315 no.

256 3280 486 3393 repuffif),
512 3331 564 3391 3.
613 3340 668 3382 ut
698 3348 866 3384 omnes
911 3328 1074 3398 [eam
1120 3323 1447 3397 adierint]
1484 3349 1586 3398 pro
1634 3333 1913 3384 consulibus
1946 3336 2194 3398 leyatique
2215 3336 2329 3381 int.
