2634 3909
640 179 1058 252 HISTORIAE
1098 185 1484 250 ROMANAE
1506 175 1623 258 ·11‚'
1653 193 1742 247 30.
1770 192 1859 247 31.
2130 167 2222 242 *33

259 352 438 406 :retur
466 341 911 403 intermaxima
947 340 1283 401 incivitate
1326 340 1519 400 libera
1545 340 1916 415 dominaque
1957 339 2224 413 gentium

272 425 591 503 indignari,
620 439 757 486 eum
784 424 984 486 omnis
1013 424 1168 486 civis
1196 425 1331 484 iure
1352 424 1603 485 haberet
1624 439 1826 498 pareS,
1857 423 2224 498 quemquam

259 508 912 586 saequalemflignitate
941 507 1322 583 conspicere.
1373 506 1485 566 Hic
1513 513 1551 567 a
1576 515 1721 582 toga
1748 506 1904 568 virili
1933 507 2223 566 adsuetus
2252 511 2287 565 3

263 594 635 656 ωιωιιίἰὶιίο
666 589 1125 667 prudentissimi
1166 590 1374 663 ducis,
1417 592 1685 667 parentis
1728 591 1853 666 sui,
1893 590 2126 650 bonum
2168 597 2227 648 et

269 690 480 754 capax·
505 685 674 737 reem
696 675 992 736 discendi·
1004 676 1309 756 ingenium
1338 675 1629 748 singulari
1658 681 1863 740 rerum
1884 673 2257 734 militarium

275 762 595 838 prudentia
633 756 1014 830 excoluerat,
1071 766 1138 818 ut
1174 773 1218 817 a
1249 757 1521 818 Sertorio
1559 758 1837 819 Metellus
1879 758 2227 817 laudaretur

275 846 506 921 magis,
546 842 882 918 Pompeius
906 843 1213 903 timeretur
1239 841 1532 901 validius·

401 927 621 987 ..XXX
677 926 802 966 Μ’*
822 927 992 987 Tum
1013 926 1094 987 Μ
1123 925 1439 1022 Perperna
1474 924 1847 1000 praetor-im,
1896 941 1932 985 e
1961 925 2225 1001 proscri-
2258 936 2285 987 1

268 1013 422 1088 «ptis,
450 1011 654 1084 gentis
679 1009 953 1071 clarioris
985 1023 1167 1086 quam
1192 1008 1401 1082 animi,
1426 1008 1759 1105 Sertorium
1787 1010 1959 1070 inter
1973 1023 2281 1084 coenam

282 1095 480 1156 Oscae
513 1094 818 1155 interemit
842 1096 1266 1171 Romanisque
1301 1102 1528 1157 certam
1565 1085 1910 1166 victoriam,
1953 1093 2225 1169 partibus

275 1178 413 1240 suis
442 1179 761 1251 excidium,
792 1179 909 1239 sibi
935 1179 1353 1254 turpissimam
1374 1183 1633 1238 mortem
1656 1177 1928 1252 pessimo
1952 1178 2225 1238 auctora

274 1265 367 1324 vit
391 1263 682 1323 facinore.
725 1262 1005 1323 Metellus
1027 1271 1092 1322 et
1107 1261 1437 1337 Pompeius
1460 1277 1539 1321 ex
1560 1260 1873 1337 Hispaniis
1899 1261 2225 1336 triumpha
2255 1271 2289 1323 2

275 1353 525 1417 verunt,
559 1346 675 1406 sed
693 1346 1041 1424 Pompeius,
1070 1346 1192 1406 hoc
1207 1359 1462 1431 quoque
1484 1335 1786 1421 triumpho
1813 1344 2015 1406 adhuc
2036 1360 2227 1420 eques

282 1431 612 1504 RomanuS,
636 1437 776 1489 ante
798 1431 958 1489 diem
983 1434 1163 1526 quam
1185 1423 1566 1512 consulatum
1589 1425 1782 1506 iniret,
1813 1445 1995 1490 curru
2017 1430 2225 1489 urbem

278 1515 582 1574 invectus
589 1520 702 1572 est.
747 1512 935 1586 Quem
955 1514 1159 1574 virum
1189 1513 1326 1588 quis
1357 1527 1482 1573 non
1508 1514 1755 1573 miretur
1779 1507 1892 1588 per
1918 1519 2006 1572 tot
2032 1521 2229 1571 extra·
2259 1513 2294 1574 '3

283 1596 598 1658 ordinaria
636 1596 888 1670 imperia
927 1597 989 1655 in
1030 1609 1329 1656 summum
1370 1596 1676 1669 fastigium
1703 1602 1979 1655 evectum
2021 1595 2227 1669 iniquo

282 1680 501 1741 tulisse
531 1679 733 1740 animo
764 1679 1137 1740 C.=Caesaris
1167 1680 1226 1739 in
1259 1681 1448 1740 altero
1480 1681 1802 1740 consulatu
1838 1678 2103 1752 petendo
2133 1694 2229 1743 sef

281 1772 488 1825 natum
519 1758 940 1839 populumque
966 1764 1308 1826 Romanum
1337 1764 1633 1823 rationem
1660 1761 1915 1822 habere=
1957 1761 2114 1822 adeo
2145 1763 2230 1820 fa-

283 1847 517 1908 miliare
554 1856 652 1909 est
685 1847 1291 1908 'hominibus‘omnia
1338 1846 1459 1907 sibi
1506 1841 1858 1922 ignoscere,
1908 1844 2065 1914 nihil·
2097 1845 2229 1905 aliis

283 1932 617 2006 remittere,
658 1931 1034 1992 et‘invidiam
1059 1945 1265 1992 rerum
1299 1948 1428 2013 ⁸non
1468 1932 1546 1991 ad
1587 1945 1834 1991 causam
1877 1928 1991 1989 sed
2019 1929 2097 1988 ad
2124 1945 2228 1989 vo·

286 2017 574 2075 luntatem
603 2014 1031 2091 personasque
1059 2016 1340 2090 dirigere.
1386 2016 1524 2075 Hoc
1555 2016 1878 2075 consulatu
1903 2012 2230 2088 Pompeius
2259 2026 2294 2077 4

281 2098 662 2159 tribuniciam
711 2098 1072 2173 potestatem
1125 2099 1413 2173 restituit,
1470 2097 1641 2160 cuius
1693 2097 1861 2159 Sulla
1911 2098 2231 2172 imaginem

284 2186 412 2243 sine
451 2200 521 2242 re
559 2181 903 2257 reliquerat.
960 2179 1130 2242 Dum·
1147 2182 1559 2244 Sertorianum
1599 2182 1821 2243 bellum
1849 2183 1909 2243 in
1937 2181 2232 2258 Hispania
2262 2196 2294 2246 5

283 2265 543 2340 geritur,
577 2266 896 2339 sexaginta
924 2273 1207 2340 quattuor
1233 2267 1466 2340 fugitivi
1493 2282 1528 2325 e
1557 2267 1702 2327 ludo
1732 2266 2090 2341 gladiatorio
2124 2266 2231 2334 Ca-

288 2365 415 2423 pua
441 2349 860 2423 profugientes
891 2350 1051 2409 duce
1080 2348 1377 2424 Spartaco
1407 2352 1596 2425 raptis
1626 2366 1704 2410 ex
1735 2366 1809 2412 ea
1835 2350 1987 2409 urbe
2015 2349 2231 2424 gladiis

287 2434 483 2508 primo
515 2434 854 2493 Vesuvium
882 2441 1146 2493 montem
1177 2434 1435 2508 petiere,
1479 2449 1621 2498 mox
1652 2439 1967 2510 crescente
2008 2434 2065 2491 in
2098 2432 2230 2492 dies

288 2516 667 2578 multitudine
697 2517 993 2592 gravibus
1032 2517 1345 2596 variisque
1386 2517 1630 2578 casibus
1661 2520 1944 2578 adiecere
1970 2515 2228 2584 Italiam3

291 2615 552 2674 quorum
580 2616 867 2661 numerus
896 2603 956 2660 in
983 2608 1214 2662 tantum
1243 2601 1540 2676 adulevit,
1583 2610 1648 2662 ut
1679 2613 1799 2677 qua
1825 2600 2033 2661 ultima
2061 2599 2262 2669 dimi-,

289 2697 514 2743 cavere
540 2685 700 2758 acie,
732 2685 975 2748 centum
1001 2692 1064 2745 et
1091 2684 1302 2761 viginti
1330 2685 1493 2745 milia
1519 2685 1839 2746 hominum'
1857 2699 1926 2744 se
1955 2684 2229 2743 Romano

289 2764 585 2826 exercitui
605 2770 1027 2844 opposuerint.
1071 2770 1264 2830 Huius
1284 2770 1507 2844 'patrati
1528 2768 1723 2844 gloria
1744 2784 1936 2844 penes
1958 2767 2039 2830 M.
2057 2768 2233 2827 Cras·
2272 2762 2276 2768 ’

290 2865 427 2913 sum
456 2850 597 2919 ruit,
641 2866 785 2913 mox
812 2853 1185 2929 reipublicae
1215 2853 1414 2914 omnis
1443 2853 1801 2929 principem.

299 2957 304 2974 ·
444 2932 692 2993 ΧΧΧΙ.·
715 2936 1107 2998 converterat
1131 2937 1238 2997 Cn.
1266 2936 1516 3012 Pompei
1559 2942 2043 3011 persona'totum
2071 2935 2132 2995 in
2163 2945 2233 2995 se
2265 2939 2295 2990 1

288 3024 582 3078 terrarum
615 3019 823 3082 orbem
853 3029 911 3084 et
939 3022 1281 3096 peremnia
1324 3021 1518 3080 maior
1555 3025 1680 3082 cive
1715 3020 2080 3091 habebatur;
2104 3093 2108 3098 Q
2129 3018 2232 3094 qui

291 3116 427 3162 cum
471 3104 689 3163 consul
732 3109 1028 3178 perquam
1068 3104 1449 3165 laudabiliter
1492 3104 1754 3166 iurasset
1795 3104 1966 3173 sein
2008 3103 2230 3162 nullam

291 3185 662 3258 provinciam
683 3202 764 3245 ex
783 3203 860 3247 eo
882 3188 1234 3262 magistratu
1261 3179 1485 3248 iturum
1512 3187 1700 3263 idque
1730 3194 2058 3259 servasset,
2088 3189 2231 3260 post

287 3266 598 3329 biennium
623 3271 699 3330 A.
731 3269 1027 3330 Gabinius
1058 3270 1333 3331 tribunus
1375 3271 1571 3345 legem
1610 3272 1769 3347 tulit,
1818 3279 1885 3331 ut
1914 3283 2050 3329 cum
2089 3265 2228 3326 belli

289 3367 485 3426 ιιι-,ονε
517 3369 642 3413 non
659 3341 1151 3427 latrociniorum,
1179 3353 1405 3456 orbern
1434 3356 1736 3426 classibus
1763 3357 1912 3425 iam,
1956 3367 2079 3450 non
2105 3348 2229 3407 fur·

369 3398 616 3495 Vnam.
645 3435 901 3502 Punite.
1082 3467 1088 3472 ·
1865 3443 1957 3496 3
