2634 3909
397 186 485 252 vo
847 211 856 245 a
939 187 1020 250 ιι.
1062 171 1344 252 vunai
1369 185 1814 250 amaeam

329 347 365 399 4
392 345 564 402 essct
589 337 838 400 roboris
859 344 922 398 et
949 343 1088 400 uter
1111 337 1380 412 populus
1406 336 1592 414 *alteri
1632 337 1942 412 pariturus
1981 337 2158 402 somt-
2220 336 2350 402 Has

393 423 575 499 igitur
603 422 1102 497 provincias‘tnm
1130 420 1421 496 dmum,
1463 427 1584 484 tam
1625 421 1988 500 frequentia,
2014 428 2155 483 ‘tam
2182 422 2349 483 feras

394 507 472 566 ad
495 522 631 568 eam
658 522 873 582 pacem
899 504 1119 566 abhinc
1143 521 1347 566 annos
1373 505 1564 566 ferme
1592 505 2032 586 quinquaginta
2059 503 2354 581 perduxit

335 589 620 651 Caesar
645 592 996 666 Augustus,
1030 595 1098 649 ut
1123 606 1285 664 quae
1312 589 1593 650 maximis
1621 590 1794 650 bellis
1822 601 2136 664 nnnqmn
2160 605 2350 668 νεω-

391 681 636 746 verant,
681 690 793 736 eae
824 674 937 736 sub
969 673 1031 732 C.
1043 674 1327 735 Antistio
1370 689 1446 733 ac
1472 672 1698 736 deinde
1726 672 1792 731 P.
1824 671 1975 734 Silio
2011 675 2223 804 legato
2246 690 2349 735 ce

390 759 662 835 terisque
693 766 913 834 postea
941 757 1122 818 etiam
1147 757 1480 819 latrociniis
1508 764 1842 818 vacarent.-

331 850 362 902 1
543 841 705 903 XCI.
775 843 931 902 Dum
985 849 1239 918 pacatur
1280 841 1612 914 Occidens,
1666 842 1744 902 ab
1785 839 2031 903 Oriente
2079 856 2150 901 ac
2197 856 2348 916 rege

390 925 749 988 Parthorum
778 924 958 1000 signa
984 926 1281 999 Romana,
1317 941 1477 1002 quae
1501 924 1725 988 Crasso
1744 941 2065 1002 oppresso
2087 924 2343 1000 Orodes,

394 1027 555 1086 quae
582 1010 849 1074 Antonio
889 1011 1073 1085 pulso
1116 1010 1277 1071 filius
1317 1009 1452 1070 eius
1480 1007 1814 1071 phrahates
1857 1016 2193 1086 ceperants
2217 1009 2345 1069 Au-

391 1103 572 1169 gusto
601 1094 861 1155 remissa
889 1101 1061 1165 sunt;
1114 1095 1281 1169 quod
1307 1108 1649 1168 cognomen
1694 1094 1778 1157 illi
1806 1097 1939 1156 iure
1965 1093 2172 1154 Planci
2202 1110 2346 1155 sen-

388 1180 576 1242 tentia
604 1194 950 1242 consensus
980 1178 1251 1239 universi
1291 1183 1545 1238 senatus
1574 1176 1928 1254 ⁴populique
1955 1178 2214 1240 Romani
2254 1180 2345 1237 in—

325 1267 361 1320 2
389 1259 562 1321 diditi
601 1261 791 1323 Erant
808 1270 1028 1338 tamen,
1052 1262 1157 1337 qui
1174 1261 1340 1322 hunc
1366 1261 1782 1323 felicissimum
1797 1262 2343 1330 statumodissenu

392 1344 622 1423 quippe
661 1347 728 1407 L.
768 1346 1024 1407 Murena
1073 1354 1133 1406 et
1168 1345 1437 1408 Fannius
1482 1346 1706 1423 Caepio
1757 1347 2021 1407 diversis
2074 1346 2344 1407 moribus

389 1436 556 1502 (nam
584 1430 839 1492 Murena
869 1432 1001 1491 sine
1028 1430 1149 1502 hoc
1173 1431 1451 1492 facinore
1479 1432 1678 1508 potuit
1703 1429 1900 1494 videri
1934 1431 2162 1503 bonuS‚
2180 1429 2344 1496 *Cae-

386 1514 494 1589 pio
540 1521 601 1576 et
642 1522 780 1576 ante
828 1514 947 1576 hoc
988 1515 1497 1591 eratpessimus)
1545 1531 1685 1575 cum
1708 1514 1984 1576 inissent
2025 1513 2344 1576 occidendi

389 1597 671 1660 Caesaris
699 1600 990 1673 consilia,
1035 1600 1325 1675 oppressi
1365 1600 1721 1662 auctoritate
1761 1599 2036 1674 publica,
2086 1598 2255 1675 quod
2281 1598 2345 1656 vi

324 1682 360 1736 3
387 1683 591 1744 facere
622 1685 969 1756 voluerant,
1004 1683 1138 1745 iure
1170 1686 1343 1761 passi
1379 1690 1539 1745 sunt.
1564 1684 1798 1759 Neque
1829 1684 2016 1745 multo
2047 1690 2194 1759 post
2218 1682 2343 1751 Ru-

387 1766 815 1843 fnsEgnatiuS‚
850 1783 960 1843 per
984 1767 1191 1829 omnia
1213 1768 1535 1843 gladiatori
1563 1784 1748 1842 quam
1772 1768 2040 1848 senatori
2068 1766 2339 1842 propior,

388 1853 644 1913 collecto
688 1851 749 1912 in
792 1852 1095 1932 aedilitate
1135 1854 1348 1913 favore
1388 1853 1633 1933 populi,
1690 1868 1873 1928 quem
1915 1851 2341 1927 extinguendis

386 1934 626 2009 privata
666 1935 892 1995 familia
932 1935 1231 1997 incendiis
1260 1936 1324 1997 in
1353 1936 1489 1997 dies
1519 1943 1805 2010 auxerat,
1846 1938 1906 2000 in
1947 1942 2180 1997 tantum
2210 1934 2343 2010 qui-

387 2018 554 2090 dem3
585 2027 653 2079 ut
681 2020 738 2078 ei
767 2027 1110 2094 praeturam
1138 2020 1547 2093 continuaret,
1577 2036 1721 2081 mox
1749 2022 1929 2082 etiam
1946 2021 2342 2082 consulatum

337 2139 363 2172 e.
386 2108 599 2175 petere
642 2119 864 2177 ausuS‚
916 2118 1053 2162 cum
1097 2112 1264 2165 esset
1300 2105 1466 2165 omni
1507 2101 1877 2179 flagitiorum
1918 2106 2342 2178 scelerumque

388 2185 762 2246 conscientia
809 2202 1050 2248 mersus
1101 2203 1216 2248 nec
1265 2189 1480 2250 melior
1527 2188 1612 2249 illi
1653 2204 1754 2249 res
1784 2186 2110 2250 'sarniliaris
2156 2202 2340 2263 quam

385 2284 558 2329 mens
590 2271 762 2341 foret,
794 2270 1140 2347 adgregatis
1164 2270 1483 2335 simillimis
1513 2272 1631 2332 sibi
1658 2271 2002 2334 interimere
2016 2271 2340 2338 caesarem

386 2353 619 2426 statuit,
662 2361 732 2416 {ut
755 2364 884 2429 §quo
916 2357 1091 2418 salvo
1122 2358 1332 2417 salvus
1362 2371 1507 2418 esse
1535 2372 1658 2418 non
1687 2362 1924 2433 poterat
1936 2387 1961 2429 ‚·
1990 2373 2066 2418 eo
2096 2355 2336 2416 sublato

323 2441 359 2493 4
385 2447 739 2499 moreretur.
786 2439 1026 2515 Quippe
1053 2441 1138 2500 ita
1165 2456 1236 2500 se
1268 2456 1474 2502 mores
1502 2440 1757 2514 habent,
1799 2447 1865 2500 ut
1895 2439 2138 2514 publica
2167 2437 2337 2511 quis-

388 2538 507 2596 que
534 2524 712 2584 ruina
738 2523 905 2584 malit
926 2524 1210 2584 occidere
1234 2540 1419 2599 quam
1447 2541 1562 2585 sua
1588 2524 1814 2600 proteri
1837 2530 1898 2583 et
1923 2521 2083 2582 idem
2114 2535 2338 2596 passu-

384 2623 490 2666 rus
533 2608 734 2669 minus
755 2609 1064 2684 conspici.
1125 2609 1339 2685 Neque
1377 2608 1477 2669 hic
1517 2607 1824 2683 prioribus
1863 2606 1926 2664 in
1968 2605 2338 2666 occultando

386 2689 620 2752 felicior
669 2691 808 2766 fuit,
860 2693 1226 2768 abditusque
1272 2694 1501 2753 carceri
1542 2707 1678 2752 cum
1729 2690 1996 2752 consciis
2045 2688 2336 2750 facinoris

386 2782 640 2835 mortem
669 2776 1088 2852 dignissimam
1115 2778 1256 2837 vita
1267 2793 1385 2837 sua
1412 2776 1577 2838 obiit.
1874 2803 1883 2814 ,„

321 2863 352 2915 1
547 2857 720 2919 XCII.
783 2859 1167 2921 Praeclarum
1217 2861 1569 2922 excellentis
1619 2860 1734 2922 viri
1774 2859 2010 2921 factum
2061 2858 2124 2919 C.
2170 2856 2340 2918 Senti

386 2938 691 3002 Saturnini
721 2945 883 3005 circa
913 2961 986 3005 ea
1014 2952 1292 3021 tempora
1322 2941 1594 3007 consulis
1636 2960 1714 3005 ne
1754 2944 2067 3004 fraudetur
2108 2957 2336 3002 memo-

322 3031 357 3084 2
384 3024 494 3092 ria.
537 3025 805 3087 Aberat
790 3046 851 3088 ιιι
878 3029 1230 3090 ordinandis
1248 3030 1440 3090 Asiae
1465 3027 1850 3106 Orientisque
1877 3027 2064 3089 rebus
2089 3026 2332 3098 Caesar,

386 3108 818 3171 circumferens
867 3120 1160 3174 terrarum
1212 3113 1347 3175 orbi
1396 3113 1746 3189 praesentia
1796 3128 1911 3174 sua
1956 3112 2132 3188 pacis
2180 3122 2335 3170 suae

381 3192 573 3253 bona:
612 3200 735 3254 tum
760 3193 1024 3272 Sentius,
1053 3199 1210 3258 forte
1240 3204 1302 3257 et
1329 3198 1499 3258 solus
1529 3204 1590 3258 et
1619 3199 1873 3258 absente
1897 3195 2161 3256 Caesare
2190 3210 2334 3257 con-

382 3276 479 3338 sul
492 3291 517 3350 ,·
553 3293 692 3340 cum
721 3279 840 3338 alia
870 3279 1074 3353 prisca
1114 3280 1439 3342 severitate
1468 3296 1830 3356 summaque
1862 3277 2203 3341 constantia
2229 3293 2334 3343 ve-

381 3369 509 3421 tere
542 3364 863 3425 consulum
892 3379 1064 3424 more
1093 3381 1166 3425 ac
1200 3363 1526 3426 severitate
1556 3366 1891 3440 gessissem·
1928 3363 2339 3438 protraxisset

381 3443 846 3518 publicanorum
876 3446 1124 3508 fraudes
1140 3494 1155 3522 ,
1185 3449 1468 3524 punisset
1501 3448 1843 3521 avaritiam,
1873 3446 2247 3521 regessisset
2272 3445 2338 3518 in
