2634 3909
436 211 529 287 10
1017 217 1099 284 M.
1131 217 1416 283 VELLEI
1443 219 1878 285 PATERCULI

438 389 553 456 per
578 378 735 439 inter
761 385 930 437 anna
956 386 1031 437 ac
1063 374 1270 437 studia
1289 381 1571 436 versatus
1597 381 1706 436 aut
1732 389 1960 451 corpus
1983 374 2272 451 perieulis
2293 383 2400 438 aut

373 476 411 531 4
439 463 706 522 animum
734 458 1074 536 disciplinis
1102 459 1393 520 exercuit.
1454 458 1777 524 Mummius
1805 464 1928 519 tam
1947 458 2288 532 mdisfuit,
2330 469 2399 522 ut

439 552 622 621 capta
640 544 927 605 Corintho
954 555 1093 604 cum
1116 541 1518 604 maximorum
1537 542 1845 614 artificum
1867 544 2179 618 [perfectas
2206 545 2395 604 mani·

438 629 555 689 bus
579 627 818 710 tabulas
842 639 916 687 ac
940 634 1171 688 statuas
1194 625 1255 687 in
1276 625 1510 688 ltaliam
1533 626 1868 702 portandas
1890 628 2138 701 locaret,
2161 626 2399 689 iuberet

278 759 293 768 .
440 711 714 788 praedici
753 710 1267 783 conducentibuS,
1319 711 1392 771 si«
1409 726 1519 771 ω
1560 710 2002 787 perdidissent,
2054 727 2249 773 novas
2279 723 2395 773 eos

374 810 410 866 s
439 795 807 865 reddituros,
864 795 998 856 Non
1030 802 1230 856 tamen
1276 803 1424 871 puto
1457 793 1732 868 dubites,
1759 794 1981 865 Vinici,
2026 796 2169 870 quin
2197 796 2395 871 magis

284 859 325 900 *⁸
437 895 552 957 pro
594 877 911 954 republica
948 879 1131 941 ¹fuerit
1167 882 1419 939 manere
1451 877 1658 939 adhuc
1713 879 1928 940 rudem
1955 877 2400 940 Corinthiorum

368 965 377 992 ²
438 963 835 1035 intellectum,
868 977 1051 1042 quam
1076 962 1141 1022 in
1170 970 1401 1024 tantum
1429 977 1507 1021 ea
1533 961 1802 1037 intelligi,
1844 968 1907 1022 et
1934 961 2082 1038 quin
2103 961 2221 1023 hac
2250 978 2395 1037 pru-

438 1047 643 1107 dentia
669 1047 777 1106 ilia
797 1046 1201 1122 imprudentia
1216 1045 1434 1107 rdecori
1461 1045 1705 1121 publico
1727 1044 1912 1108 fuerit
1920 1046 2395 1110 convenientior.

470 1135 475 1142 ’
605 1129 766 1190 XIV.
845 1130 994 1192 Oum
1030 1129 1273 1191 facilius
1303 1129 1608 1205 cuiusque
1644 1128 1737 1189 rei
1777 1129 1840 1189 in
1869 1145 2056 1192 unum
2083 1137 2396 1192 contracta

434 1209 683 1290 species
699 1257 716 1288 ‚
747 1227 930 1289 quam
960 1214 1162 1275 divisa
1182 1213 1562 1289 temporibus
1589 1210 1789 1274 oculis
1815 1213 2161 1290 animisque
2185 1213 2393 1275 inhae-

430 1304 584 1371 reat,
628 1297 808 1359 statui
836 1299 1102 1373 priorem
1131 1298 1313 1358 huius
1343 1297 1669 1359 voinminis
1697 1297 2228 1374 posterioremque
2253 1311 2392 1373 par-

430 1388 557 1442 tem
597 1395 721 1441 non
758 1381 952 1442 inutili
994 1395 1197 1443 rerum
1238 1377 1450 1442 notitia
1488 1380 1549 1442 in
1593 1386 1788 1441 anum
1829 1387 2143 1441 eontracta
2182 1382 2394 1443 distin-
2481 1427 2486 1430 -

432 1479 622 1540 gnere
650 1471 837 1540 atque
858 1464 1000 1527 huic
1027 1466 1166 1525 loco
1188 1466 1460 1526 inserere
1481 1480 1644 1540 quae
1673 1480 1922 1540 quoque
1947 1474 2224 1542 tempore
2251 1472 2396 1541 post

434 1549 691 1626 Romam
711 1564 748 1609 a
768 1549 958 1610 Gallis
982 1555 1222 1625 captam
1242 1547 1507 1611 deducta
1533 1548 1620 1612 sit.
1641 1549 1883 1610 colonia
1910 1548 2087 1610 iussu
2107 1558 2389 1618 senatum-3

430 1635 577 1693 nain
603 1631 948 1694 militarium
974 1639 1038 1693 et
1049 1645 1283 1695 causae
1308 1640 1374 1693 et
1395 1639 1680 1694 auctores
1709 1648 1790 1694 ex
1822 1633 2097 1708 ipsarum
2125 1632 2393 1710 praeful·

359 1745 367 1756 ,
434 1724 580 1793 gent
607 1717 873 1778 nomine.
933 1717 1090 1777 Huic
1114 1718 1204 1779 rei
1240 1716 1543 1792 peridem
1570 1723 1814 1793 tempus
1845 1717 2147 1777 civitatem
2168 1729 2392 1793 propa-

434 1807 637 1876 gatam
685 1809 1053 1875 auctumque
1090 1799 1433 1863 Romanum
1486 1814 1712 1860 nomen
1768 1801 2199 1861 communione
2240 1800 2393 1863 iuris

370 1902 407 1956 2
433 1884 601 1945 haud
629 1884 1058 1960 intempestive
1086 1883 1425 1947 subtexturi
1454 1883 1749 1948 videmur.
1815 1883 1966 1945 Post
2007 1891 2243 1961 septem
2286 1901 2393 1946 an-

435 1983 571 2042 noS,
598 1981 782 2043 quam
803 1968 956 2027 Galli
983 1968 1198 2029 urbem
1222 1974 1534 2043 ceperunt,
1565 1966 1833 2031 Sutrium
1859 1968 2127 2029 deducta
2152 1968 2396 2030 colonia

364 2103 367 2106 .
435 2058 541 2112 est·
560 2058 622 2112 et
647 2058 794 2127 post
815 2066 1037 2111 annum
1068 2050 1238 2112 Setia
1264 2060 1611 2127 novemque
1629 2051 1962 2115 interiectis
1988 2054 2165 2114 annis
2186 2052 2391 2128 Nepe3

370 2235 407 2291 3
431 2218 684 2294 recepti.
750 2216 993 2279 Abhinc
1045 2234 1244 2280 annos
1303 2226 1506 2280 autem
1557 2227 1869 2282 trecentos
1918 2221 2240 2296 sexaginta
2279 2218 2392 2296 Sp.

338 2351 347 2360 .
431 2301 746 2364 Postumio
760 2349 777 2377 ,
818 2303 1074 2365 Veturio
1104 2301 1358 2366 Calvino
1397 2303 1757 2368 consulibus
1779 2304 2105 2380 campanis
2127 2305 2271 2365 data
2298 2312 2395 2364 est

434 2385 648 2448 civitas
691 2386 976 2462 partique
1003 2386 1361 2449 Samnitium
1391 2389 1526 2450 sine
1547 2387 1863 2464 suffragio,
1894 2396 1955 2449 et
1980 2389 2197 2448 eodem
2230 2403 2391 2448 anno

378 2474 417 2528 4
433 2467 611 2529 Cales
634 2470 899 2531 deducta
920 2472 1182 2532 colonia.
1202 2549 1207 2552 ,
1232 2472 1554 2535 Interiecto
1585 2471 1806 2533 deinde
1834 2471 2093 2531 triennio
2111 2470 2394 2531 Fundani

411 2554 808 2616 vetFormiani
836 2555 899 2614 in
929 2554 1232 2617 civitatem
1263 2556 1498 2633 recepti
1526 2556 1759 2632 eoipso
1779 2570 1960 2628 anno,
1984 2570 2112 2630 quo
2123 2555 2391 2615 Alexan-

431 2638 581 2699 drea
609 2637 856 2699 condita
883 2647 1007 2713 est,
1036 2639 1627 2717 insequentibusque
1661 2637 2020 2702 consulibus
2073 2654 2113 2699 a
2150 2637 2385 2713 Sp.Po·

431 2721 672 2797 stumio‚
703 2717 956 2784 Philone
968 2722 1225 2785 Publilio
1256 2724 1617 2786 censoribus
1642 2720 1975 2783 Acerranis
2003 2723 2148 2783 data
2175 2721 2391 2783 civitas

431 2813 493 2866 et
522 2814 666 2882 post
705 2806 1029 2867 triennium
1056 2804 1387 2870 Tarracina
1415 2807 1677 2870 deducta
1718 2805 1964 2868 colonia
1999 2803 2384 2882 interposito·

433 2905 555 2966 que
606 2890 1007 2966 quadriennio
1059 2891 1317 2953 Luceria
1365 2908 1441 2953 ac
1489 2891 1714 2953 deinde
1762 2891 2077 2953 interiecto
2131 2890 2390 2952 triennio
2432 2956 2449 2967 ,

340 2971 351 3002 ·’
432 2972 670 3035 Suessa
690 2976 983 3035 Aurunca
1006 2982 1071 3036 et
1094 2974 1379 3050 Saticula,
1409 2977 1871 3051 Interamnaque
1890 2983 2037 3052 post
2060 2973 2391 3036 biennium.

380 3058 658 3119 5Decem
700 3055 926 3119 deinde
966 3058 1086 3121 hoc
1115 3074 1368 3120 munere
1395 3062 1540 3124 anni
1587 3068 1994 3130 vacaverunt,
2050 3067 2193 3120 tunc
2229 3056 2392 3120 Sora

430 3149 618 3218 atque
642 3141 805 3218 Alba
834 3143 1140 3204 deductae
1167 3144 1465 3217 coloniae,
1495 3151 1557 3205 et
1579 3141 1858 3208 Carseoli
1886 3151 2034 3219 post
2060 3142 2390 3204 biennium.

428 3229 512 3287 At
531 3225 600 3301 Q
620 3213 813 3288 Fabio
838 3227 1132 3304 quintum,
1158 3227 1344 3288 Decio
1365 3227 1538 3288 Mure
1557 3229 1836 3304 quartum
1861 3225 2239 3299 consulibus,
2265 3240 2390 3301 quo

431 3325 595 3373 anno
633 3309 906 3389 Pyrrhus
945 3325 1207 3387 regnare
1256 3311 1489 3387 coepit,
1542 3310 1904 3373 Sinuessam
1928 3309 2393 3385 Minturnasque

428 3391 605 3455 missi
634 3396 858 3470 coloni,
888 3403 1034 3471 post
1061 3395 1529 3471 quadriennium
1539 3395 1920 3464 Venusiamn
1949 3393 2391 3468 interiectuque

429 3476 677 3541 biennio
720 3478 822 3540 Μ’.
864 3477 1045 3541 Curio
1074 3487 1137 3542 et
1168 3478 1391 3542 Rufino
1415 3480 1693 3543 Cornelio
1744 3476 2101 3546 consulibus
2144 3475 2391 3539 Sabinis
