2634 3909
709 209 1551 284 msronmnnoMANAE
1569 210 1640 285 ι.
1669 217 1756 273 13.
2081 163 2088 168 ’
2165 209 2230 290 29

270 370 547 432 tissimus
570 368 769 430 seculi
784 368 901 442 sui,
928 367 1035 443 qui
1054 366 1205 430 nthil
1224 367 1424 428 invita
1437 365 1557 430 nisi
1569 365 1942 432 laudandum
1964 374 2070 430 aut
2089 368 2233 432 feeit

271 461 380 517 aut
398 453 552 514 dixit
569 468 647 514 ac
666 452 877 523 sensit,
908 466 1093 527 quem
1117 450 1309 512 Paulo
1338 450 1623 525 genitum,
1654 451 2032 536 adoptatum
2040 467 2094 512 a
2101 450 2228 512 Sci
2255 491 2276 536 4

271 540 495 613 piene,-
528 536 800 597 Africani
826 535 984 608 filio,
1028 533 1327 607 diximus,
1368 534 1735 602 aedilitatem
1761 542 1984 610 petens
2007 537 2232 608 consul

270 628 513 682 creatus
529 626 676 694 [est‚
660 625 703 693 ·]
725 619 952 680 bellum
958 617 1347 715 Carthagini'
1331 631 1452 680 tam
1465 624 1604 678 ante
1624 618 1937 680 biennium
1955 635 1993 682 a
2015 619 2230 695 priori÷

269 707 387 766 bus
410 704 777 765 consulibus
794 702 1047 763 inlatum
1058 702 1289 766 maiore
1298 701 1365 762 vi
1383 701 1597 775 intulit,
1623 718 1762 770 cum
1774 709 1915 764 ante
1936 702 1998 766 in
2009 701 2230 799 Hispa·

269 791 372 850 nia
403 789 621 854 murali
655 801 903 881 corona,
930 786 1001 846 in
1020 784 1243 848 Attica-
1260 784 1633 848 obsidionali
1655 785 1922 848 donatus
1943 792 2142 861 esset,
2170 783 2232 846 in

2335 305 2476 373 s*

267 873 573 949 Hispania
586 886 739 931 vero
758 867 942 930 etiam
966 884 1047 930 ex
1067 867 1511 944 provocatione
1536 870 1676 945 ipse
1682 870 1986 938 modicus
2012 870 2232 934 virium
2333 867 2370 910 '

266 956 556 1016 immanis
571 953 1002 1051 magnitudinis
1016 953 1256 1014 hostem
1272 953 1722 1023 interemisset,
1750 968 2011 1030 eamque
2024 945 2237 1016 urbem
2260 964 2298 1019 4

270 1039 466 1114 mag-is
488 1038 753 1098 invidia
736 1036 952 1111 imperi
968 1051 1152 1113 quam
1170 1037 1356 1100 uilius
1371 1038 1506 1097 eius
1519 1037 1813 1112 temporis
1835 1036 2060 1102 noxiae
2080 1038 2230 1100 invi-

251 1124 407 1185 ‘sam
419 1123 713 1185 Romano
708 1120 947 1183 nomini
968 1121 1243 1184 funditus
1269 1120 1516 1188 sustulit
1536 1120 1801 1195 fecitque
1821 1136 1973 1183 suae
1992 1122 2229 1184 virtutis

271 1207 725 1280 monimentum,
762 1206 931 1282 quod
965 1204 1175 1278 fuerat
1194 1205 1298 1266 avi
1331 1204 1465 1268 eius
1501 1206 1879 1272 clementiae.
1929 1205 2229 1284 Carthago
2257 1214 2292 1268 5

271 1293 472 1360 diruta
482 1297 597 1366 est,
610 1304 748 1351 cum
760 1281 1037 1351 stetisset
1048 1289 1226 1352 annis
1239 1289 1551 1352 sexcentis
1566 1290 1955 1364 septuaginta
1965 1288 2228 1366 duobus,

269 1375 489 1436 abhinc
506 1387 701 1435 annos
723 1381 962 1433 centum
974 1371 1366 1449 septuaginta
1383 1373 1512 1446 tris,
1529 1372 1633 1433 Cn.
1649 1371 1929 1436 Cornelio
1952 1373 2228 1470 Lenth
2316 1402 2321 1407 -

254 1459 336 1518 'L.
356 1457 647 1520 Mummio
667 1456 1046 1518 consulibus.
1094 1457 1279 1518 Hunc
1301 1456 1488 1520 finem
1508 1455 1721 1523 habuit
1734 1455 2032 1528 Romani
2015 1457 2254 1533 imperi.
2308 1455 2312 1461 ’

272 1542 575 1616 Carthago
603 1543 859 1614 aemula,
890 1554 1029 1600 cum
1054 1556 1177 1615 qua
1198 1539 1430 1600 bellare
1457 1540 1721 1602 maiores
1748 1537 1944 1602 nosti-i
1966 1556 2232 1616 coepere

277 1625 531 1695 Claudio
545 1630 608 1684 ct
615 1623 828 1683 Fulvio
844 1622 1358 1684 consulibusante
1371 1638 1570 1684 annos
1584 1623 1885 1686 ducentos
1898 1622 2233 1699 nonaginta

273 1710 455 1781 dune,
487 1721 668 1782 quam
688 1713 772 1781 tu,
792 1706 881 1766 Μ.
892 1705 1115 1781 Vinici,
1134 1707 1523 1768 consulatum
1545 1704 1749 1766 inires.
1781 1707 1883 1774 ‚lta
1901 1722 2015 1782 per
2031 1723 2232 1768 annos
2258 1717 2296 1774 6

272 1799 515 1853 centum
528 1798 590 1852 et
603 1791 816 1866 vig-inti
826 1796 934 1852 aut
944 1789 1169 1852 bellum
1188 1789 1347 1850 inter
1357 1805 1469 1851 eos
1485 1790 1755 1865 populos
1770 1796 1880 1849 aut
1895 1790 2038 1854 belli
2054 1805 2232 1865 prae-

272 1875 509 1953 paratio
524 1881 635 1935 aut
646 1874 834 1934 infida
851 1889 979 1949 pax
990 1873 1103 1936 fuit
1114 1883 1321 1948 neque
1336 1889 1410 1934 se
1419 1874 1654 1938 Roma
1638 1890 1758 1936 tam
1770 1882 2064 1944 terrarum
2077 1874 2274 1940 orbe.

273 1967 565 2035 superato
595 1973 874 2020 securam
897 1957 1170 2033 speravit
1196 1958 1348 2040 fore
1379 1959 1435 2018 si
1469 1967 1690 2019 nomen
1717 1974 1984 2033 usquam
2015 1953 2268 2019 stantis
2331 1975 2338 1980 ·

271 2049 545 2104 maneret
558 2041 963 2117 Carthaginis·
1000 2041 1158 2103 adeo
1173 2042 1382 2104 odium
1404 2040 1834 2110 certaminibus
1857 2037 2055 2106 ortur‘n
2075 2044 2235 2104 ultra
2341 2065 2346 2070 -

250 2135 496 2189 -metum
519 2128 697 2188 durat
718 2131 778 2185 et
787 2141 871 2186 ne
880 2142 940 2188 ιιι
955 2115 1132 2186 victis
1150 2125 1398 2200 quidem
1413 2125 1741 2201 deponitur
1759 2141 1965 2200 neque
1977 2123 2121 2187 ante
2140 2124 2231 2186 in-

275 2212 472 2273 visum
487 2226 631 2271 esse
645 2209 887 2284 desinit,
911 2225 1093 2286 quam
1116 2225 1258 2272 esse
1268 2209 1471 2274 desiit.
1513 2212 1671 2272 Ante
1684 2207 2024 2284 triennium,
2050 2225 2233 2286 quam
2257 2217 2318 2292 ⁷,

278 2295 581 2370 Carthago
601 2294 921 2368 deleretur,
948 2293 1039 2354 M.-
1054 2293 1219 2363 Cato,
1246 2300 1584 2368 perpetuus
1606 2293 1948 2356 diruendae
1965 2294 2099 2354 eius
2124 2309 2230 2358 au·

280 2385 429 2453 etur,
459 2378 525 2437 L.
543 2377 898 2451 Censorium
926 2377 1028 2438 Μ’.
1043 2376 1291 2438 Manilio
1316 2377 1674 2446 consulibus
1696 2386 1891 2442 morte
1982 2378 2147 2442 obiit.

436 2461 593 2522 XIII.
676 2461 910 2522 Eodem
933 2475 1116 2536 anno,
1142 2476 1270 2536 quo
1296 2460 1596 2537 Carthago
1628 2461 1912 2535 concidit,
1991 2501 2009 2520 .
2037 2460 2244 2522 Mum·.
2262 2472 2291 2522 1

270 2545 429 2606 mius
444 2545 794 2626 Corinthum
823 2552 969 2620 post
988 2560 1187 2606 annos
1214 2552 1560 2621 nongentos
1579 2544 2025 2621 quinquaginta
2052 2543 2232 2618 duee,

275 2629 459 2704 quam
486 2629 565 2690 ab
576 2628 1092 2704 Alete-Hippotis
1120 2628 1269 2703 filio,
1297 2636 1431 2689 erat
1456 2629 1720 2703 condita,
1752 2629 2026 2690 funditus
2056 2628 2230 2689 eruit.

271 2714 545 2788 Uterque
567 2712 896 2788 imperator
922 2711 1204 2774 devictae
1224 2729 1264 2774 a
1285 2728 1358 2776 se
1385 2713 1584 2788 gentis
1606 2712 1855 2776 nomine
1875 2710 2230 2788 honoratus,
2259 2721 2295 2774 2

272 2797 426 2858 alter
442 2795 809 2870 Africanus,
839 2798 992 2858 alter
1020 2798 1363 2873 appellatus
1394 2804 1490 2862 est
1514 2797 1858 2866 Achaicus,
1915 2811 2032 2857 nec
2064 2797 2230 2874 quis-

128 2928 133 2933 .
186 2945 192 2950 ,
274 2895 460 2957 quam
499 2895 577 2939 ex
616 2882 819 2941 novis
816 2879 1178 2944 hominibus
1221 2880 1393 2956 prior
1417 2873 1708 2948 Mummio
1739 2895 2081 2957 cognomen
2109 2880 2229 2941 vir·

269 2971 398 3026 tute
426 2967 667 3039 partum
694 2963 1043 3027 vindicavit
1079 2964 1349 3028 Diversi
1375 2963 1856 3044 imperatoribus
1878 2961 2107 3040 mores,
2147 2964 2236 3025 di·
2259 2973 2297 3028 3

271 3063 457 3108 versa
479 3049 651 3109 ruere
677 3047 917 3119 studia,
959 3049 1192 3126 quippe
1224 3048 1434 3124 Scipio
1461 3057 1585 3116 tam
1614 3049 1865 3123 elegans
1893 3050 2246 3118 liberalium,

262 3131 613 3196 stadiorum
642 3131 967 3208 omnisque
992 3133 1313 3198 doctrinae
1341 3141 1403 3194 et
1428 3141 1646 3200 auctor
1671 3141 1732 3194 et
1754 3134 2083 3204 admirator
2104 3135 2232 3205 fuit,

271 3223 341 3277 ιιι
362 3216 701 3295 Polybium·
720 3216 1241 3292 Panaetiumque3
1285 3217 1711 3293 praecellentis
1755 3216 2000 3293 ingenio
2042 3215 2231 3290 viros,

272 3301 440 3360 domi
464 3299 851 3377 militiaeque
868 3316 1081 3363 secum
1109 3300 1421 3371 habuerit,
1467 3316 1674 3375 neque
1700 3300 1862 3372 enim
1889 3301 2232 3377 quisquam

270 3382 393 3444 hoc
423 3382 721 3460 Scipione
759 3385 1113 3460 elegantius
1148 3385 1516 3450 intervalia·
1511 3386 1929 3461 negotiorum
1949 3385 2074 3445 otio
2105 3382 2230 3448 dis·-

268 3465 505 3543 pumat,
536 3484 903 3544 semperque
927 3469 1317 3534 aut—belliaut
1343 3468 1514 3543 pacis
1545 3469 1759 3538 serviit
1779 3467 2045 3530 artibus
2027 3491 2046 3538 ,
2073 3481 2230 3538 sem·
