2634 3909
462 184 546 249 50
995 184 1409 269 M.VE1,LE1
1447 184 1881 250 PAmncuu

462 338 808 403 certaminis
837 340 1211 416 spectaculis
1240 339 1533 416 epuliqne
1554 354 1667 416 per
1686 340 1910 401 multos
1941 340 2076 402 dies
2107 340 2228 402 dati
2260 344 2425 405 cele·

399 428 436 481 2
455 426 733 487 bratione
770 424 1032 501 replevit
1071 437 1225 484 eam.
1309 422 1617 500 Quinque
1633 424 1756 499 egit
1782 411 2155 499 triumplios·
2208 426 2427 488 Gallici

460 518 793 585 apparatus
823 524 903 571 ex
944 508 1126 581 citro,
1166 506 1400 569 Pontici
1437 519 1519 569 ex
1559 506 1851 583 acantho,
1890 508 2293 570 Alexandrini
2332 517 2425 571 te·

460 594 734 669 studine,
762 591 954 653 Africi
975 591 1191 664 ebore,
1221 590 1654 668 Hispaniensis
1673 598 1926 667 argento
1947 591 2120 653 rasili
2131 594 2423 655 constitit.
2459 633 2468 642 -

455 676 726 739 Pecunia
758 692 839 736 ex
873 674 1176 738 manubiis
1219 677 1343 737 lata
1369 675 1558 751 paulo
1600 677 1863 751 amplius
1901 678 2141 737 sennem
2178 678 2422 739 miliens

391 773 435 872 3
457 761 822 823 sestertium.
872 759 1086 835 Neque
1115 759 1201 820 illi
1237 768 1407 821 tanto
1435 758 1570 821 viro
1616 767 1827 821 ettam
1856 761 2187 821 clementer
2226 764 2422 824 omni-

454 845 572 907 bus
601 842 874 906 victoriis
905 843 1037 905 suis
1078 859 1197 905 uso
1227 845 1370 920 plus
1400 843 1674 919 quinque
1714 843 2016 905 mensium
2058 844 2421 922 principalis

457 928 635 1005 quies
664 928 941 1004 contigit·
974 927 1204 1004 quippe
1232 944 1370 988 curn
1389 942 1603 987 mense
1619 927 1903 989 Octobri
1886 943 1949 988 ιιι
1968 928 2196 989 urbem
2208 944 2419 989 rever-

454 1013 671 1075 tisset
648 1059 663 1086 ,
710 1011 914 1073 idibus
966 1009 1200 1073 Martiis
1249 1010 1688 1073 coniurationis
1738 1012 2089 1074 auctoribus
2127 1012 2315 1073 Bruto
2356 1020 2423 1073 et

457 1096 673 1159 Caoeio
688 1141 705 1170 ,
736 1112 997 1172 quorum
1020 1096 1275 1157 alterum
1301 1093 1712 1171 promittendo
1736 1095 2122 1157 consulatum
2149 1112 2275 1159 non
2304 1097 2415 1157 ob·

454 1181 781 1255 ligaverat,
822 1185 1035 1241 contra
1063 1178 1407 1241 differendo
1438 1179 1715 1241 Cassium
1745 1177 2117 1254 offenderat,
2157 1179 2417 1242 adiectis

455 1263 637 1325 etiam
666 1264 1028 1325 consiliariis
1057 1261 1265 1326 caedis
1306 1261 1794 1326 familiarissimis
1838 1262 2107 1325 omnium
2136 1271 2196 1325 et
2223 1265 2414 1325 fortu-

453 1363 537 1408 na
576 1349 847 1424 partium·
879 1348 1013 1408 eius
1053 1347 1116 1406 in
1152 1361 1455 1408 summum
1484 1348 1714 1409 evectis
1745 1346 2083 1422 fastigium,
2123 1347 2197 1409 D.
2221 1346 2414 1411 Bruto

456 1438 517 1492 et
528 1431 593 1491 C.
608 1430 913 1493 Trebonio
934 1431 1196 1507 aliisque
1216 1431 1365 1491 clari
1386 1431 1650 1492 nominis
1670 1430 1819 1492 viris
1833 1474 1850 1504 ,
1875 1430 2275 1508 interemptus
2297 1438 2414 1493 est.

390 1523 430 1578 4
451 1516 561 1576 Cui
589 1530 871 1591 magnam
911 1512 1203 1575 invidiam
1245 1512 1602 1577 conciliarat
1638 1513 1720 1576 Μ.
1749 1515 2087 1590 Antonine,
2130 1514 2414 1578 omnibus

455 1598 753 1660 audendis
803 1598 1258 1675 paratissimus,
1311 1599 1669 1662 consulatus
1699 1599 1988 1674 collega,
2040 1600 2413 1677 imponendo

453 1684 636 1760 capiti
691 1684 826 1745 elus
870 1681 1311 1760 Lupercalibus
1372 1683 1650 1745 sedentis
1710 1699 1825 1758 pro
1888 1683 2105 1744 rostris
2168 1682 2413 1759 insigne

447 1768 714 1844 regium,
768 1768 938 1844 quod
984 1768 1062 1828 ab
1101 1782 1178 1827 eo
1222 1767 1305 1828 ita
1330 1769 1644 1842 repulsum
1687 1773 1846 1842 erat,
1887 1773 1953 1827 ut
1979 1782 2100 1828 non
2132 1765 2415 1829 offensus

447 1852 777 1913 videretur.

392 1949 425 2000 1
615 1934 796 1995 LVII.
876 1933 1278 1995 Laudandnm
1305 1933 1685 2011 experientia
1713 1934 2038 1996 consilium
2059 1941 2157 1996 est
2173 1933 2415 1996 Pansae

451 2025 638 2094 atque
664 2009 850 2091 Ilii-ti,
892 2018 1000 2094 qui
1027 2032 1273 2094 semper
1312 2017 1749 2094 praedixerant
1774 2018 2053 2092 Caesari,
2093 2027 2162 2079 ut
2187 2018 2412 2094 princi-

451 2109 659 2177 patum
692 2100 877 2162 armis
908 2101 1254 2178 quaesitum
1281 2102 1466 2163 armis
1495 2108 1761 2164 teneret=
1812 2102 1914 2162 ille
1943 2101 2224 2164 dictitans
2255 2100 2414 2165 mori

451 2201 523 2247 se
551 2200 732 2262 quam
762 2185 957 2246 timeri
983 2186 1165 2247 malle
1196 2186 1345 2247 dum
1366 2186 1776 2261 clementiam,
1803 2202 1988 2263 quam
2010 2186 2440 2262 praestiterat·

451 2275 763 2346 expectat,
796 2269 1076 2332 incautus
1099 2270 1177 2330 ab
1197 2268 1452 2346 ingratis
1478 2278 1814 2345 occupatus
1839 2277 1968 2345 est,
1997 2286 2138 2332 cum
2161 2269 2413 2347 quidem

449 2353 711 2430 plurima
738 2353 1066 2431 praesagia
1095 2360 1281 2431 atque
1314 2353 1541 2416 indicia
1569 2353 1654 2415 dii
1679 2354 2049 2416 immortales
2090 2355 2273 2416 futuri
2302 2354 2413 2415 ob-

391 2454 428 2508 2
449 2437 729 2499 tulissent
759 2438 1032 2514 periculi.
1093 2437 1245 2499 Nam
1285 2444 1350 2499 et
1373 2437 1736 2514 haruspices
1774 2445 2313 2515 praemenuerant,
2342 2445 2416 2501 ut

450 2521 916 2599 diligentissime
954 2521 1168 2585 iduum
1206 2521 1556 2583 Martiarum
1607 2531 1855 2584 caveret
1901 2522 2089 2596 diem,
2142 2529 2204 2583 et
2250 2538 2414 2585 uxor

451 2607 778 2685 Calpurnia
805 2607 1010 2669 territa
1036 2613 1338 2669 nocturno
1365 2608 1536 2682 visu,
1577 2614 1645 2667 ut
1669 2622 1745 2665 ea
1776 2606 1878 2667 die
1917 2605 2081 2667 domi
2109 2606 2409 2668 subsiste·

445 2698 569 2765 ret,
605 2691 847 2764 orabat,
870 2699 932 2752 et
948 2689 1135 2753 libelli
1158 2689 1638 2758 coniurationem
1660 2691 2006 2751 nuntiantes
2044 2690 2171 2751 dati
2207 2705 2412 2765 neque

388 2784 426 2840 3
448 2776 728 2849 protinus
779 2775 857 2835 ab
894 2790 974 2837 eo
1025 2775 1165 2836 lecti
1219 2781 1410 2835 erant.
1500 2773 1628 2836 Sed
1675 2774 1954 2849 profecto
2002 2771 2411 2836 ineluctabilis

448 2858 709 2919 fatorum
736 2859 833 2920 vis
847 2903 864 2933 ,
894 2859 1506 2935 citiusque‘fortunam
1526 2863 1763 2919 mutare
1785 2858 2125 2934 constituit,
2157 2857 2414 2922 consilia

449 2944 800 3019 corrumpit.
856 2953 863 2959 ·

393 3034 425 3089 1
616 3025 827 3087 LVIII.
906 3026 1038 3102 Quo
1070 3041 1232 3087 anno
1260 3024 1328 3088 id
1369 3035 1691 3102 patravere
1733 3025 1973 3088 facinus
1999 3027 2226 3088 Brutus
2256 3024 2414 3086 etc.

450 3109 735 3186 CassiuS,
776 3118 1096 3186 praetores
1126 3117 1329 3185 erant,
1371 3111 1443 3171 D.
1484 3110 1711 3172 Brutus
1762 3113 1980 3172 consul
2017 3111 2415 3189 designatus,

445 3193 511 3253 hi
558 3211 683 3256 una
734 3208 872 3255 cum
931 3157 1373 3257 coniurationis
1419 3195 1604 3270 globo
1657 3194 1864 3271 stipati
1903 3195 2308 3270 gladiatorum
2334 3192 2410 3255 D.

388 3282 428 3337 2
448 3269 619 3341 Br'uti
647 3294 832 3340 manu
847 3277 1209 3355 Capitolium
1239 3293 1646 3354 occupavere.
1687 3277 1836 3340 Tum
1861 3281 2077 3340 consul
2105 3279 2414 3339 Antonius

448 3371 662 3441 (quem
691 3379 829 3426 cum
859 3362 1037 3426 simul
1067 3363 1528 3424 interimendum
1571 3365 1917 3424 censuisset
1945 3363 2196 3424 Cassius
2224 3368 2414 3423 testa·

453 3457 859 3526 mentumque
901 3447 1189 3508 Caesaris
1233 3446 1634 3521 abolendum,
1683 3448 1911 3508 Brutus
1959 3461 2419 3523 repugnaverat
