2634 3909
564 199 988 267 msromer.
1021 201 1430 266 m·
1450 205 1534 276 fl,
1584 207 1701 268 tet.
1740 214 1859 268 ιω.
2049 266 2055 280 .-
2117 201 2201 270 1⁵

238 364 407 430 tta-a,
447 358 803 431 cem,
843 353 1184 453 provineiis
1211 354 1578 416 honoratum
1606 354 1789 418 etium
1816 355 2201 434 mammonin

157 471 158 476 ι
238 441 479 502 suroris
497 455 661 502 suae
687 439 852 501 tiliae
889 440 952 499 in
991 437 1395 499 arctissimam
1433 437 1808 502 adfinitatem
1845 450 2199 515 receperat·

209 523 648 601 »Quintiusque
674 523 1027 599 Crispinus,
1075 522 1451 597 singularem
1487 523 1822 597 nequitiam
1867 522 2199 605 supercilio
2227 529 2261 584 5

236 609 395 670 truci
426 618 775 684 protegens,
799 614 870 667 et
893 606 1138 683 Appius
1170 606 1460 668 claudius
1488 613 1569 666 et
1576 605 1984 686 Sempronius
2013 595 2199 670 Grac

238 692 394 754 chus
425 708 502 753 ac
527 691 738 767 Scipio
769 690 996 767 aliique
1035 691 1286 752 minoris
1325 687 1607 758 nominis
1606 691 1938 767 utriusque
1964 692 2198 768 ordinis

235 775 353 836 viri
370 775 555 852 qnasi
578 775 901 837 cuiuslibet
919 790 1120 836 uxore
1140 773 1368 834 violata
1391 788 1629 849 poenas
1656 775 2030 851 pependere,
2062 791 2199 837 cum

242 859 525 921 Caesaris
555 860 744 922 filiam
772 865 836 919 et
857 858 1118 919 Neronis
1150 859 1494 920 violassent
1520 857 1860 935 coniugem.
1925 859 2079 921 Iulia
2101 876 2196 921 re-

232 944 481 1020 legata
465 961 538 1004 ιιι
556 944 816 1003 insulam
840 943 1216 1019 patriaeque.
1224 951 1286 1003 et
1312 949 1631 1018 parentum
1653 943 1957 1006 subducta
1979 946 2195 1018 oeulis,

235 1044 421 1104 quam
472 1035 674 1090 tamen
718 1027 1001 1088 comitata
1048 1033 1268 1144 mater
1294 1026 1616 1087 Scribonia
1664 1027 2006 1089 voluntaria
2053 1029 2197 1089 exili

234 1113 575 1188 permansit
601 1126 830 1172 comes.

405 1195 497 1255 CI.
549 1196 750 1257 Breve
772 1196 851 1255 ab
879 1195 1000 1256 hoc
1027 1194 1464 1255 intercesserat
1485 1194 1773 1269 spatium,
1802 1211 1941 1257 cum
1964 1195 2028 1256 C.
2046 1196 2192 1258 Cae·
2227 1206 2257 1258 1

233 1295 338 1340 sar
378 1288 522 1341 ante
562 1280 724 1341 aliis
736 1279 1070 1355 provinciis
1107 1280 1194 1339 ‘ad
1238 1278 1565 1339 visendum
1616 1278 1797 1342 obitis
1848 1279 1912 1340 in
1952 1278 2197 1357 Syriam

230 1364 495 1438 missae,
538 1371 842 1425 convento
872 1362 1043 1438 prius
1069 1363 1155 1422 Ti.
1182 1363 1458 1435 Nerone,
1488 1362 1591 1423 cui
1624 1378 1868 1424 omnem
1897 1364 2195 1440 honorem

228 1455 299 1509 ut
325 1446 634 1522 superiori
660 1446 900 1518 habuit,
932 1454 1054 1507 tam
1084 1446 1252 1506 varie
1282 1462 1353 1506 se
1379 1447 1461 1506 ibi
1490 1447 1714 1522 gessit,
1745 1455 1956 1520 uhnec
1983 1448 2195 1510 lauda-

230 1539 438 1592 turum
477 1546 699 1606 magna
727 1545 842 1590 nec
871 1530 1351 1626 vimperaturum
1395 1530 1722 1598 mediocris
1763 1531 2016 1593 materia
2044 1532 2196 1594 defi·

231 1615 371 1676 ciat.
418 1614 569 1683 Cum
589 1629 740 1689 rege
760 1613 1138 1689 Parthorum,
1167 1613 1391 1674 iuvene
1412 1614 1858 1689 excelsissimo,
1889 1615 1950 1675 in
1976 1614 2196 1699 insula,
2224 1621 2262 1673 2

210 1715 419 1776 quam
448 1701 643 1760 amnis
668 1698 1014 1779 Euphrates
1044 1696 1377 1770 ambiebat,
1408 1705 1675 1772 aequato
1703 1699 2026 1775 utriusque
2058 1713 2194 1774 par-

227 1784 309 1844 tis
349 1787 610 1844 numero
651 1784 825 1851 coiit;
859 1784 1049 1859 quod
1088 1783 1508 1858 spectaculum
1558 1783 1775 1843 stantis
1822 1798 1903 1843 ex
1943 1781 2195 1844 diverso

226 1868 374 1927 hine
391 1867 689 1943 Romani,
715 1868 898 1927 illinc
924 1865 1284 1928 Parthorum
1325 1866 1662 1940 exercituS,
1704 1883 1844 1928 cum
1872 1868 1999 1928 duo
2037 1861 2194 1936 inter

228 1966 305 2012 se
332 1951 812 2012 eminentissima
850 1951 1244 2029 imperiorum
1274 1956 1336 2011 et
1365 1950 1678 2011 hominum
1708 1951 1942 2014 coirent
1970 1950 2191 2027 capita,

223 2050 554 2111 perquam
568 2038 797 2097 clarum
838 2043 900 2097 et
939 2034 1333 2097 memorabile
1375 2034 1492 2095 sub
1538 2034 1708 2096 initia
1748 2036 2191 2112 stipendiorum

223 2134 505 2182 meorum
531 2120 778 2181 tribuno
806 2120 1060 2182 militum
1089 2120 1234 2180 mihi
1261 2118 1470 2179 visere
1498 2119 1767 2195 contigit.
1820 2120 2016 2194 Quem
2042 2121 2192 2181 mili·
2217 2128 2255 2183 3

219 2203 350 2264 tiae
376 2204 636 2299 gradum
664 2211 818 2266 ante
835 2205 951 2263 sub
980 2212 1156 2280 patre
1180 2212 1322 2278 tuo,
1347 2203 1430 2262 Μ.
1460 2203 1690 2277 Vinici,
1723 2211 1783 2264 et
1807 2203 1872 2263 P.
1904 2203 2053 2266 Silio
2082 2221 2190 2266 au-

224 2286 505 2363 spicatus
535 2286 607 2346 in?
624 2287 879 2347 Thracia
907 2287 1425 2363 Macedoniaque,
1474 2302 1618 2347 mox
1646 2287 1885 2354 Ach'aia
1908 2289 2189 2365 Asiaque

223 2378 288 2431 et
313 2371 622 2434 :omnibus
672 2372 753 2431 ad
803 2370 1116 2431 Orientem
1158 2372 1313 2432 visis
1364 2370 1701 2446 provinciis
1751 2381 1813 2433 et
1852 2380 2187 2448 ore-atque

222 2463 490 2531 utroque
516 2456 718 2516 maris
760 2454 993 2516 Pontici
1034 2456 1223 2516 latere
1261 2455 1426 2516 haud
1465 2456 1798 2518 iniucunda
1838 2463 1928 2517 tot
1963 2472 2184 2527 rerum,

184 2550 189 2555 ·
221 2540 530 2612 locorum,
576 2540 876 2614 gentium,
927 2540 1169 2602 urbium
1196 2540 1624 2603 recordatione
1650 2539 1953 2616 perfruor.
2014 2537 2187 2600 Prior
2213 2545 2251 2599 4

219 2621 482 2686 Parthus
522 2625 707 2699 apud
719 2624 933 2685 Gaium
972 2625 1034 2684 in
1068 2630 1292 2685 nostra
1322 2624 1491 2701 ripa,
1531 2624 1840 2736 posterior
1877 2623 1976 2683 hic
2017 2624 2181 2697 apud

219 2706 433 2781 regem
458 2707 535 2765 in
549 2706 756 2768 hostili
784 2710 1069 2783 epulatus
1099 2715 1228 2768 est.⁸

390 2789 508 2850 011.
574 2790 705 2864 Quo
748 2795 1046 2890 tempore
1053 2792 1135 2851 M.
1165 2792 1349 2867 Lolli,
1405 2806 1588 2867 quem
1625 2792 1812 2853 veluti
1827 2791 2184 2858 moderato
2216 2801 2246 2853 1

217 2885 351 2933 rem
381 2876 674 2934 iuventae
712 2875 799 2935 ffli
840 2892 940 2950 sui
969 2878 1289 2952 Augustus
1334 2885 1479 2937 e'sse
1503 2876 1814 2949 voluerat,
1859 2874 2096 2950 perfida
2120 2884 2185 2936 et

219 2953 414 3033 plena*
436 2957 783 3018 subdoliae
809 2961 1036 3021 versuti
1074 2960 1545 3022 'animi‘co'nsilia
1571 2977 1685 3037 per
1710 2960 1995 3021 Parthum
2023 2958 2180 3020 indi-

171 3049 176 3054 “
218 3048 357 3103 cata
384 3039 634 3102 Caesari
663 3042 828 3103 fama
850 3043 1153 3119 vulgavit5
1186 3045 1364 3107 cuius
1393 3049 1573 3106 mors
1588 3045 1750 3105 intra
1776 3053 2013 3120 paucos
2044 3046 2177 3104 dies

217 3125 946 3196 fernum·an.voluntaria
966 3129 1166 3208 *fuerit
1197 3127 1440 3204 ignoro.
1498 3127 1626 3189 Sed
1655 3144 1838 3203 quam
1880 3128 2044 3189 hunc
2072 3129 2177 3188 de·
2205 3132 2242 3185 2

217 3211 490 3271 cessisse
519 3210 723 3271 laetati
751 3210 1061 3285 homineS,
1101 3219 1226 3272 tam
1266 3215 1451 3289 paulo
1481 3220 1627 3288 post
1654 3213 1879 3274 obisse.
1896 3211 2176 3274 Censori-

216 3308 364 3354 num
388 3293 450 3354 in
479 3294 700 3355 iisdem
728 3294 1063 3377 provissucIis
1090 3296 1360 3371 graviter
1386 3297 1520 3357 tulit
1546 3296 1793 3371 civitas,
1843 3297 2040 3356 virum
2068 3293 2175 3353 de·
2244 3313 2251 3328 ²

218 3376 526 3438 merendis
576 3378 925 3440 hominibus
974 3380 1275 3455 genitum.
1328 3381 1682 3443 Armeniam
1723 3380 1948 3442 deinde
1990 3377 2181 3438 Gaius
2205 3383 2244 3438 3

215 3458 535 3537 ingressus
563 3464 762 3539 prima
786 3470 968 3539 parte·
990 3464 1272 3528 introitus
1300 3470 1607 3542 prospere
1624 3480 1763 3525 rem
1776 3462 2002 3538 gessia
2031 3477 2181 3540 mox
