2634 3909
662 295 667 301 ⁴
707 191 1125 267 fflsromae
1169 203 1554 266 ROMANAE
1593 181 1690 278 11,
1722 212 1810 267 ιο.
2151 195 2240 265 25

286 355 630 430 Hannibal‚·
651 364 951 432 occupata
978 356 1129 416 Asia
1178 356 1536 432 necatisque
1572 354 1634 416 in
1664 353 2048 416 ea‘omn‘ibus
2087 354 2234 418 civi-

288 443 406 503 bus
433 442 759 515 RomaniS,
795 457 951 515 quos
984 438 1229 516 quidem
1271 440 1486 499 eadem
1515 440 1615 500 die
1643 447 1827 516 atque
1852 438 2006 501 hora
2032 438 2231 499 reddi·

285 526 367 587 tis
396 523 739 586 civitatibus
782 524 994 585 litteris
1036 523 1263 598 ingenti
1303 539 1440 583 cum
1470 523 1910 600 pollicitatione
1936 523 2233 599 praemio-

285 625 423 669 rum
452 608 707 669 interimi
738 607 1189 683 iusserat,'quo
1219 613 1495 682 tempore
1523 621 1728 682 neque,
1748 605 2101 677 fortitudine
2127 605 2233 666 ad-

285 708 505 753 versus
551 689 966 766 Mithridaten,
1018 706 1219 765 neque
1261 690 1386 752 fide
1436 692 1496 750 in
1544 691 1858 753 Romanos
1910 690 2236 766 quisquam

283 776 542 838 Rhodiis
581 791 695 850 par
723 767 862 848 fu'it,
915 775 1161 849 (horum
1200 772 1387 834 fidem
1428 773 1936 854 Mytilenaeorum
1976 773 2237 850 perfidia

283 859 684 931 inluminavit,
732 859 835 934 qui
862 858 961 917 Μ’.
992 857 1304 933 Aquilium
1335 858 1615 933 aliosque
1640 857 1965 919 Mithridati
1991 858 2235 918 vinctos

280 943 686 1014 tradiderunt,
718 942 941 1017 quibus
968 942 1215 1002 libertas
1255 940 1316 1001 in
1359 941 1540 1002 unius
1568 940 1955 1017 Theophanis
1983 942 2236 1017 gratiam

284 1032 504 1102 postea
531 1041 569 1084 a
594 1024 901 1106 Pompeio·
918 1024 1195 1085 restituta
1235 1030 1356 1097 est)
1386 1041 1523 1088 cum
1552 1025 1835 1087 terribilis
1847 1026 2056 1086 Italiae
2085 1041 2235 1101 quo·

216 1124 223 1130 ·
284 1123 404 1184 que
432 1107 738 1169 videretur
764 1110 1104 1187 imminere,
1135 1116 1299 1169 sorte
1330 1110 1578 1170 obvenit
1591 1107 1798 1170 Sullae
1811 1109 1961 1169 Asia
1991 1110 2235 1184 provin—

282 1193 393 1253 cia.
451 1194 513 1252 Is
542 1199 831 1267 egressus
846 1194 998 1253 urbe
1013 1208 1149 1252 cum
1178 1194 1342 1252 circa
1353 1191 1565 1254 Nolam
1593 1200 1946 1265 moraretur,
1978 1193 2289 1268 (quippe2

282 1291 356 1337 ea
386 1277 533 1337 urbs
585 1277 1071 1351 pertinacissime
1102 1287 1287 1336 ‘arma
1332 1277 1634 1338 retinebat
1680 1278 2075 1352 exercituque
2111 1278 2236 1339 Ro·

280 1374 459 1419 mano
518 1357 941 1433 obsidebatur,
998 1360 1169 1421 velut
1215 1360 1558 1435 poeniteret
1604 1361 1736 1421 eius
1764 1405 1772 1410 -
1798 1359 1976 1434 fidei,
2052 1376 2238 1436 quam

281 1444 545 1503 omnium
585 1443 1028 1504 sanctissimam
1056 1443 1217 1503 bello
1246 1446 1631 1518 praestiterat
1665 1444 1922 1516 Punico)
1945 1443 2009 1503 P.
2034 1441 2237 1519 Sulpi·

282 1526 414 1587 cius
440 1527 718 1586 tribunus
745 1526 944 1602 plebis
962 1526 1247 1600 disertuS,
1275 1543 1435 1601 acer,
1451 1528 1691 1603 opibuS,
1710 1528 1920 1604 gratia,
1939 1526 2236 1601 amicitiiS,

285 1611 497 1684 vigore
536 1609 739 1683 ingeni
782 1615 971 1684 atque
1008 1609 1189 1668 animi
1232 1610 1692 1682 celeberrimuS,
1748 1627 1882 1671 cum
1925 1618 2104 1670 antea
2140 1626 2240 1670 re-

283 1692 556 1753 ctissima
580 1694 888 1753 voluntate
916 1691 1082 1767 apud
1106 1693 1401 1767 populum
1425 1692 1751 1754 maximam
1776 1694 2124 1769 quaesisset
2146 1693 2234 1753 di-

280 1778 585 1852 gnitatem,
618 1776 796 1852 quasi
828 1775 1063 1853 pigeret
1092 1791 1229 1836 eum
1259 1778 1544 1836 virtutum
1567 1792 1817 1837 suarum
1846 1776 2076 1836 et·bene
2090 1792 2236 1836 con-

283 1862 445 1922 sulta
495 1860 552 1920 ei
599 1861 758 1938 male
789 1859 1107 1933 cederent,
1161 1860 1363 1921 subito
1416 1875 1647 1935 pravus
1697 1866 1757 1920 et
1784 1875 2121 1936 praeceps,
2174 1859 2239 1919 C.

279 1943 472 2004 Mario
505 1951 647 2019 post
669 1943 1188 2019 septuagesimum
1209 1959 1434 2022 annum
1459 1944 1661 2004 omnia
1681 1946 1936 2020 imperia
1957 1951 2019 2007 et
2039 1944 2236 2010 omnis

281 2028 634 2103 provincias
677 2027 1139 2102 concupiscenti
1172 2027 1416 2087 addixit
1454 2028 1776 2103 legemque
1817 2028 1899 2087 ad
1940 2025 2236 2104 populum

274 2112 439 2185 tulit,
473 2127 592 2186 qua
622 2109 830 2171 Sullae
858 2111 1175 2185 imperium
1218 2109 1642 2187 abrogaretur,
1685 2110 1745 2170 C.
1778 2110 1972 2174 Mario
2011 2111 2244 2171 bellum

280 2193 713 2255 decerneretur
750 2193 1250 2265 Mithridaticum,
1309 2194 1587 2271 aliasque
1639 2197 1809 2269 leges
1852 2195 2235 2270 perniciosas

280 2283 341 2337 et
368 2276 692 2337 exitiabilis
734 2291 934 2352 neque
976 2277 1327 2337 tolerandas
1355 2277 1583 2337 liberae
1628 2279 1851 2342 civitati
1876 2278 2232 2353 tulit31quin

280 2353 555 2435 etiam'Q.
583 2359 835 2436 Pompei
867 2361 1138 2421 consulis
1178 2360 1371 2428 filium
1400 2361 1786 2437 eundemque
1817 2359 2023 2422 Sullae
2050 2377 2233 2437 gene-

277 2460 411 2505 rum
443 2460 556 2519 per
586 2442 940 2505 emissarios
971 2442 1255 2504 factionis
1285 2460 1437 2504 suae
1467 2445 1784 2507 interfecit.

444 2526 600 2586 XIX.
687 2526 837 2587 Tum
868 2524 1039 2586 Sulla
1066 2535 1380 2589 contracto
1412 2530 1683 2589 exercitu
1711 2529 1790 2588 ad
1817 2527 2032 2589 urbem
2059 2528 2239 2589 rediit
2263 2533 2290 2585 ι

280 2624 540 2706 eamque
590 2610 773 2671 armis
827 2611 1181 2686 occupavit,
1235 2609 1561 2672 duodecim
1612 2618 1896 2685 auctores
1939 2626 2234 2671 novarum

278 2694 810 2770 pessimarumque
837 2710 1070 2766 rerum,
1101 2695 1256 2756 inter
1286 2708 1445 2771 quos
1472 2695 1727 2756 Marium
1763 2708 1901 2754 cum
1927 2694 2053 2754 filio
2086 2702 2147 2756 et
2169 2694 2232 2757 P.

282 2774 588 2851 Sulpicio,
626 2777 780 2858 urhe
822 2778 1167 2838 exturbavit
1205 2794 1279 2839 ac
1308 2780 1444 2854 lege
1485 2779 1604 2838 lata
1632 2779 1848 2838 exules
1890 2778 2064 2849 fecit3
2096 2776 2231 2839 Sul·

278 2860 508 2934 picium
554 2851 734 2920 etiam
766 2861 1060 2921 adsecuti
1111 2861 1353 2936 equites
1393 2863 1454 2924 in
1480 2862 1865 2923 Laurentinis
1907 2861 2233 2939 paludibus

280 2944 669 3020 iugulavere,
736 2944 1041 3022 caputque
1089 2946 1222 3006 eius
1273 2953 1540 3007 erectum
1590 2953 1667 3007 et
1708 2953 2070 3007 ostentatum
2120 2962 2231 3022 pro

276 3025 499 3089 rostris
522 3028 692 3087 velut
725 3042 899 3089 omen
928 3029 1293 3091 imminentis
1319 3030 1788 3110 proscriptionis
1812 3025 1940 3092 luit'.
2002 3030 2234 3089 Marius
2255 3036 2297 3089 2

278 3118 426 3186 post
446 3117 686 3170 sextum
710 3114 1093 3172 consulatum
1119 3123 1467 3189 annumque
1489 3113 2007 3190 septuagesimum
2031 3114 2232 3174 nudus

279 3210 352 3256 ac
380 3192 525 3256 limo
555 3194 842 3269 obrutus,
889 3195 1083 3256 oculis
1110 3193 1529 3258 tantummodo
1569 3213 1644 3256 ac
1671 3198 1919 3259 naribus
1964 3195 2202 3257 eminen

230 3325 236 3333 .
275 3277 458 3351 tibus,
484 3286 792 3352 extractus
816 3278 1177 3342 arundineto
1201 3279 1364 3341 circa
1384 3280 1672 3356 paludem
1682 3279 1979 3344 Maricae
1963 3298 2023 3340 m
2049 3293 2231 3354 quam

281 3375 353 3422 se
381 3324 621 3444 rugiens
652 3360 1064 3424 consectantis
1094 3361 1299 3424 Sullae
1341 3364 1579 3439 equites
1621 3365 1963 3434 abdiderat,
2007 3361 2232 3419 iniecto

283 3429 353 3504 in
387 3446 609 3506 collum
650 3447 782 3506 loro
826 3445 885 3503 in
931 3459 1241 3506 carcerem·
1264 3443 1768 3510 Minturnensium
1806 3446 1987 3507 iussu
2017 3443 2228 3502 duum·
