2634 3909
403 175 493 242 52
949 175 1030 236 Μ.
1075 175 1359 235 VELLEI
1396 174 1824 236 PATERCULI
1879 193 1900 206 *

350 330 380 382 1
489 341 495 346 ·
571 328 691 387 LX.
770 327 905 388 Non
946 326 1228 402 placebat
1268 324 1447 388 Atiae
1483 327 1658 386 matri
1697 326 2103 401 Philippoque
2145 327 2370 390 vitrice

407 411 559 472 adiri
585 426 807 473 nomen
837 410 1178 471 invidiosae
1208 411 1487 471 fortunae
1503 410 1814 484 Caesaris,
1847 410 1960 472 sed
1990 410 2370 473 adserebant

411 496 698 558 salutaria
728 493 1101 569 reipublicae
1143 501 1573 590 terrarumque
1606 493 1771 555 orbis
1814 496 1932 553 sata
1980 494 2360 556 conditorem

351 581 386 633 2
410 585 1035 653 conservatoremque
1061 575 1317 639 Romani
1350 576 1632 638 nominis.
1699 576 1941 652 Sprevit
1968 578 2174 653 itaque
2216 593 2357 638 coe

406 664 577 724 lestis
629 659 866 724 animus
917 661 1181 722 humana
1223 661 1480 722 consilia
1537 669 1597 721 et
1645 677 1783 721 cum
1832 661 2104 734 periculo
2156 662 2361 736 potius

409 763 647 809 summa
676 756 859 822 quam
871 753 1001 806 tuto
1023 744 1273 808 humilia
1293 735 1620 820 proposuit
1634 743 2155 820 sequimaluitque
2172 762 2360 805 avun—

411 832 547 892 culo
574 838 634 890 et
657 830 920 889 Caesari
930 829 1006 889 de
1029 845 1100 890 se
1123 845 1302 904 quam
1333 828 1547 889 vitrico
1572 827 1853 902 credere,
1886 826 2165 889 dictitans
2184 831 2362 890 nefas

411 930 582 986 esse,
616 930 738 989 quo
769 914 1013 980 nomine
1029 912 1272 974 Caesari
1285 913 1507 987 dignus
1522 910 1903 984 essetvisuS,
1935 920 2131 974 semet
2155 913 2363 987 ipsum

352 1010 387 1063 3
410 998 603 1058 videri
630 997 961 1071 indignum.
1002 997 1181 1058 Hunc
1211 997 1488 1072 protinus
1515 996 1819 1058 Antonius
1850 998 2063 1055 consul
2095 998 2364 1071 superbe

411 1081 640 1155 excipit
667 1088 896 1156 (neque
923 1081 977 1140 is
1002 1090 1133 1141 erat
1161 1087 1575 1155 contemptae,
1609 1079 1722 1139 sed
1745 1083 1968 1150 metus)
1995 1078 2223 1155 vixque
2254 1081 2361 1140 ad-

412 1164 604 1225 misso
635 1165 694 1224 in
707 1161 1114 1240 Pompeianos
1144 1164 1355 1224 hortos
1380 1162 1671 1239 loquendi
1701 1167 1913 1223 seeum
1924 1170 2160 1238 tempus
2177 1165 2363 1239 dedit,

411 1265 556 1310 mox
587 1247 767 1310 etiam
796 1250 964 1309 velut
997 1245 1234 1309 insidiis
1275 1248 1407 1307 eius
1451 1247 1673 1323 petitus
1713 1247 1976 1307 sceleste
2014 1248 2367 1307 insimulare

327 1366 331 1369 >
355 1341 392 1395 4
415 1333 644 1406 coepit,
675 1332 735 1392 in
763 1349 886 1407 quo
915 1331 1172 1405 turpiter
1194 1331 1583 1406 deprehensa
1596 1331 1728 1391 eius
1741 1331 1979 1391 vanitas
1994 1339 2106 1391 est.
2136 1333 2365 1406 Aperte

416 1416 638 1476 deinde
665 1417 895 1478 Antoni
929 1431 1001 1475 ac
1026 1415 1380 1476 Dolabellae
1425 1416 1744 1478 consulum
1779 1415 1857 1474 ad
1898 1415 2222 1474 nefandam
2254 1416 2363 1476 do-

413 1500 803 1560 minationem
846 1500 1045 1576 erupit
1092 1499 1279 1562 furor
1375 1498 1731 1560 Sestertium
1781 1499 2053 1574 septiens
2103 1499 2363 1572 milienS,

416 1584 764 1657 depositum
800 1601 838 1644 a
881 1584 946 1644 C.·
976 1584 1237 1644 Caesare
1285 1584 1365 1644 ad
1394 1583 1607 1643 aedem
1640 1582 1838 1657 Opisf
1843 1588 2236 1657 occupatum
2285 1583 2364 1641 ab

413 1668 716 1738 Antoni03
758 1675 1050 1729 actorum
1075 1667 1350 1728 eiusdem
1378 1665 1623 1728 insertis
1665 1667 1837 1726 falsis
1884 1668 2121 1743 [reqnis]
2158 1667 2366 1726 civita-

414 1752 706 1827 tibusque
733 1752 1006 1828 corruptiss
1032 1753 1443 1814 commentarii
1471 1758 1653 1826 atque
1676 1749 1881 1809 omnia
1911 1751 2363 1825 pretiotempe-

357 1857 390 1907 5
413 1843 546 1897 rata
574 1836 880 1897 vendente
906 1836 1343 1910 rempublicam
1375 1836 1648 1896 consule.
1698 1834 1867 1894 Idem
1892 1833 2268 1909 provinciam
2291 1834 2365 1893 D.

411 1921 600 1979 Bruto
632 1920 951 1994 designato
984 1920 1221 1980 consult
1265 1918 1571 1980 decretam
1604 1918 1864 1978 Galliam*
1895 1921 2199 1992 occupare
2221 1923 2366 1977 'sta-

411 2004 552 2075 tuit,
580 2004 899 2066 Dolabella
923 2002 1360 2062 transmarinas
1402 2003 1674 2062 decrevit
1698 2000 1845 2061 sibi=
1887 2002 2165 2075 interque
2193 2009 2380 2060 natu-.

410 2049 617 2146 ralit’er
647 2086 1086 2146 dissimillimos
1116 2102 1189 2146 ac
1218 2086 1465 2146 diversa
1501 2085 1762 2146 volentis
1794 2085 2112 2146 crescebat
2140 2086 2366 2157 odium,

414 2186 652 2243 eoque
669 2170 730 2230 C.
796 2169 1020 2230 Caesar
1079 2168 1314 2229 iuvenis
1382 2169 1700 2230 cotidianis
1753 2169 1983 2230 Antoni
2051 2170 2370 2275 petebatur

416 2253 675 2314 insidiis.

358 2350 388 2401 1
575 2336 724 2397 LXI.
794 2337 1100 2411 Torpebat
1118 2352 1430 2412 oppressa
1451 2337 1863 2398 dominatione
1875 2336 2102 2396 Antoni
2118 2334 2333 2395 civitas
2349 2359 2382 2404 ς·

412 2420 746 2495 indignatio
771 2428 832 2480 et
853 2421 1031 2482 dolor
1054 2422 1370 2495 oninibuS‚
1397 2420 1490 2481 vis
1513 2420 1593 2480 ad
1620 2420 2028 2484 resistendum
2052 2417 2199 2479 n'ulli
2221 2419 2367 2476 ade

414 2513 536 2578 rat,
568 2521 705 2567 cum
722 2505 783 2566 C.
801 2505 1026 2565 Caesar
1049 2504 1568 2566 undevicesimum
1601 2522 1825 2565 annum
1849 2505 2185 2580 ingressuS‚
2219 2501 2373 2561 mira

415 2606 604 2652 ausus
633 2605 707 2652 ac
737 2606 974 2650 summa
1004 2596 1375 2651 consecutus
1395 2590 1630 2663 privato
1662 2589 1919 2649 consilio
1950 2588 2244 2658 maiorem
2269 2600 2371 2646 se-

413 2682 561 2735 natu
575 2691 703 2748 ⁷pro
734 2674 1051 2748 republica
1078 2673 1344 2733 animum
1383 2672 1594 2734 habuit
1633 2673 2016 2748 primumque
2057 2688 2094 2731 a
2125 2670 2371 2741 Calatia,

413 2775 611 2818 moxa
629 2757 891 2820 Casilino
918 2764 1247 2820 veteranos
1278 2757 1503 2817 excivit
1524 2765 1846 2833 paternos;
1880 2769 2141 2831 quorum
2164 2768 2371 2814 exem-

416 2843 584 2915 plum
637 2841 831 2904 secuti
884 2842 985 2900 alii
1024 2840 1197 2902 brevi
1239 2841 1300 2900 in
1345 2841 1598 2900 formam
1627 2841 1769 2901 iusti
1813 2841 2017 2901 coiere
2045 2837 2371 2899 exercitus.

358 2921 393 2986 2'
414 2924 563 2984 Mox
590 2940 727 2985 cum
756 2925 1061 2986 Antonius
1093 2926 1465 2985 occurrisset
1492 2924 1810 2999 exercitui,
1856 2940 2035 2999 quem
2068 2939 2147 2993 ex
2174 2930 2372 2982 trans-

416 3007 665 3068 marinis
727 3009 1060 3083 provinciis
1107 3008 1518 3069 Brundusium
1581 3010 1790 3069 venire
1852 3007 2147 3079 iusserat,
2210 3003 2369 3077 legio

394 3091 632 3152 ‘Martia
645 3098 705 3152 et
721 3100 938 3168 quarta
966 3093 1212 3168 cognita
1238 3101 1298 3154 et
1324 3100 1573 3153 senatus
1602 3095 1910 3155 voluntate
1940 3100 2001 3151 et
2027 3090 2176 3151 tanti
2205 3090 2374 3148 iuve-

413 3176 511 3235 nis
553 3177 787 3250 indole,
827 3176 1084 3238 sublatis
1127 3177 1320 3251 signis
1351 3177 1440 3240 ad
1468 3176 1808 3238 «Caesarem
1860 3192 1946 3235 se
1971 3175 2373 3237 contulerunt.

331 3260 571 3322 .3Eum
608 3267 858 3322 senatus
899 3242 1262 3322 honoratum
1303 3260 1573 3335 equestri
1603 3265 1830 3334 statua,
1875 3276 2037 3334 quae
2063 3257 2377 3330 hodieque

416 3346 478 3405 in
500 3364 532 3405 r
536 3345 717 3406 ostris
742 3345 946 3419 posita
965 3351 1223 3408 aetatem
1245 3344 1379 3405 eius
1405 3345 1705 3420 scriptura
1727 3344 1986 3417 indicat,
2018 3342 2153 3417 (qui
2175 3340 2377 3399 honor

419 3447 540 3490 non
578 3429 678 3490 alii
711 3445 823 3504 per
851 3435 1160 3489 trecentos
1192 3445 1389 3489 annos
1422 3447 1605 3504 quam
1634 3430 1700 3489 L.
1734 3428 1941 3489 Sullae
1973 3435 2034 3487 et
2062 3425 2166 3486 Cn.
2197 3424 2377 3484 Pom-
