2634 3909
409 173 497 244 78
958 172 1047 234 Μ.«
1082 171 1365 234 mum
1388 169 1834 234 PAmel

347 336 385 389 2
408 329 525 390 -viri
566 329 733 390 claro
773 324 1125 401 celebrique
1142 323 1487 385 ᾗιιιιιιευιειιι
1527 322 1964 398 praediximus.
2026 325 2213 384 Anni
2230 324 2376 387 eius

414 411 650 476 aestiva
675 409 966 486 usquein
1005 423 1278 468 mensem
1311 406 1727 468 Decembrem
1748 406 2050 483 producta
2085 407 2376 472 immanis

345 503 381 558 3
409 496 881 572 emolumentum
902 492 1108 554 fecere
1122 490 1428 553 victoriae.
1469 489 1669 552 Pietas
1690 506 1805 552 sua
1819 490 2144 551 Caesarem
2167 507 2377 567 paene

412 569 740 642 obstructis
770 563 969 638 hieme
990 575 1248 651 Alpibus
1276 576 1339 636 ιιι
1368 575 1581 635 urbem
1610 575 1821 645 traxit,
1851 583 1914 636 at
1937 575 2167 636 tutela
2132 578 2375 652 tmperi

405 651 552 725 eum
576 662 741 724 veris
783 660 954 722 initio
991 658 1236 720 reduxit
1274 660 1338 719 in
1367 658 1794 733 Germaniam,
1824 660 1887 719 in
1928 658 2106 720 cuius
2145 659 2373 721 mediis

410 747 642 810 finibus
662 746 741 807 ad
769 751 955 819 caput
981 742 1212 819 Lupiae
1239 741 1507 804 fluminis
1536 741 1791 866 hiberna
1816 727 2185 866 digrediens·
2198 743 2370 870 prin

412 845 562 907 ceps
592 831 921 891 locaverat.

361 923 391 973 1
573 913 724 975 cvl
760 912 877 973 Pro
908 913 992 972 dii
1019 912 1182 983 boni,
1215 911 1425 987 quanti
1452 911 1780 974 voluminis
1801 926 1995 987 opera
2017 911 2371 987 insequenti

411 1005 644 1061 aestate
683 997 806 1058 sub
846 997 1005 1058 duee
1030 995 1272 1056 Tiberio
1301 994 1568 1056 Caesare
1606 995 1940 1070 gessimus!
1993 994 2373 1077 Pei-lustrata

409 1083 595 1150 armis
622 1087 752 1144 tota
780 1080 1101 1144 Germania
1125 1086 1250 1151 est,
1295 1080 1493 1140 victae
1528 1085 1745 1155 gentes
1788 1095 1988 1156 paene
2016 1079 2369 1144 nominibus

409 1166 783 1241 incognitae,
824 1171 1108 1240 receptae
1137 1161 1517 1239 Cauchorum
1559 1164 1867 1224 nationem
1911 1164 2108 1225 omnia
2150 1179 2368 1227 eorum

409 1250 694 1311 iuventus
723 1248 955 1309 infinita
980 1262 1264 1319 numero,
1295 1249 1592 1310 immensa
1621 1247 2016 1325 corporibus,
2042 1248 2169 1311 situ
2196 1250 2364 1310 locor
2466 1295 2475 1330 ·.

408 1349 544 1395 rum
572 1332 873 1395 tutissima
898 1331 1131 1393 traditis
1161 1332 1344 1392 armis
1383 1345 1507 1393 una
1546 1346 1683 1393 cum
1699 1334 1704 1340 '
1722 1331 1985 1394 ducibus
2024 1332 2157 1394 suis
2188 1339 2372 1409 septa

409 1417 661 1492 augenti
689 1423 1045 1492 armatoque
1071 1416 1323 1478 miiitum
1362 1423 1710 1478 nostmrum
1734 1416 1977 1493 agmine
2004 1424 2145 1479 ante
2170 1418 2364 1492 impe*

342 1514 380 1567 2
407 1501 627 1566 tatoris
655 1500 985 1578 procubuit
1010 1498 1296 1562 tribuual:
1333 1499 1532 1568 Fracti
1551 1499 1971 1576 Langobardi,
1998 1516 2153 1575 gens
2183 1501 2369 1562 etiam

412 1585 710 1647 Gennana
738 1584 972 1648 feritate
1013 1584 1303 1656 ferocium
1347 1584 1616 1661 denique
1646 1586 1815 1660 quod
1843 1600 2156 1660 nunquam
2185 1593 2371 1646 antea

409 1684 525 1745 spe
554 1675 948 1744 conceptum,
979 1669 1204 1729 nedum
1233 1684 1424 1744 opere
1451 1674 1742 1730 tentatum
1769 1677 1930 1741 erat,
1963 1669 2057 1728 ad,
2074 1670 2365 1744 quadrin-

408 1753 810 1830 gentesimum
847 1753 1167 1814 miliarium
1206 1768 1246 1812 a
1270 1751 1488 1814 Rheno
1529 1767 1732 1828 usque
1768 1753 1851 1813 ad
1883 1750 2366 1825 flumenAibim,

410 1839 515 1913 qui
537 1838 911 1900 Semnonum
934 1836 1621 1914 Hermundurorumque
1648 1837 1790 1900 finis
1806 1834 2211 1913 praeterfluit,
2238 1837 2367 1899 Ro·

341 1931 379 1989 3
405 1937 625 1984 manus
668 1937 806 1983 cum
845 1920 1037 1996 signis
1084 1920 1439 1996 perductam,
1461 1921 1786 1983 exercitus.
1850 1921 1927 1982 Et
1950 1921 2174 1983 eodem
2214 1922 2370 1982 mira

409 2006 693 2067 felicitate
719 2012 782 2066 et
809 2020 958 2066 cura
983 2004 1158 2066 ducis
1196 2013 1665 2080 temporumque
1693 2005 2086 2068 observantia
2120 2006 2366 2080 classis,

410 2103 570 2164 quae
599 2087 825 2149 Oceani
856 2088 1482 2186 circumnavigaverat
1510 2090 1716 2164 sinus,
1759 2091 1837 2151 ab
1879 2089 2146 2150 inaudito
2177 2096 2371 2165 atque

406 2172 721 2268 incognito
758 2178 898 2232 ante
939 2171 1104 2234 mari
1131 2169 1385 2233 flumine
1410 2173 1553 2234 Albi
1596 2173 1921 2247 subvecta,
1969 2175 2365 2248 plurimarum

406 2254 675 2330 gentium
705 2255 958 2318 victoria
985 2271 1125 2318 cum
1164 2255 1690 2319 abundantissima
1729 2255 1930 2319 r'erum
1959 2257 2228 2350 omnium
2258 2274 2365 2320 co-

409 2339 526 2414 pia
519 2339 834 2400 exercitui
861 2339 1236 2416 Caesarique
1262 2357 1334 2402 se
1361 2342 1573 2403 iunxit.
2356 2373 2365 2396 ι

344 2441 375 2492 1
568 2422 746 2484 cvu.
802 2423 934 2485 Non
963 2431 1236 2499 tempero
1267 2425 1443 2500 mihi,
1490 2426 1638 2502 quin
1666 2433 1869 2487 tantae
1896 2440 2100 2487 reram
2126 2426 2365 2500 magni-

404 2507 614 2570 tudini
638 2507 786 2582 hoc,
837 2510 1262 2584 qualecunque
1299 2518 1425 2583 est,
1473 2510 1758 2571 inseram.
1825 2510 1974 2572 Cum
2018 2507 2364 2570 citeriorem

404 2592 600 2666 ripam
630 2591 925 2666 praedicti
965 2589 1232 2654 fluminis
1260 2594 1479 2654 castris
1510 2609 1997 2669 occupassemus
2026 2602 2087 2655 et
2111 2593 2366 2655 ulterior

405 2682 636 2738 armata
662 2674 929 2737 bostium
954 2677 1263 2737 iuventute
1287 2677 1550 2752 fulgeret
1577 2678 1694 2737 sub
1722 2693 1965 2739 omnem
1993 2684 2239 2740 motum
2249 2693 2372 2738 no-.

401 2765 667 2821 stratum
709 2759 954 2822 navium
974 2760 1269 2834 protinus
1310 2761 1765 2836 refugientium,
1805 2778 1968 2824 unus
2006 2778 2045 2822 e
2081 2760 2369 2822 barbaris
2480 2823 2487 2842 ²

404 2849 603 2905 aetate
659 2843 896 2917 senior,
958 2858 1220 2919 corpore
1275 2847 1617 2917 exceliens,
1680 2845 2002 2922 dignitate,
2068 2851 2367 2921 quantum

405 2926 768 2990 ostendebat
808 2927 1060 3000 cultus‚.
1090 2926 1396 3003 eminens„
1444 2937 1752 3001 cavatum,
1805 2940 1871 2992 ut
1908 2931 2026 2992 iilis
2065 2945 2201 2991 mos
2246 2937 2371 3001 est,

404 3025 483 3070 ex
501 3007 777 3073 materia
816 3012 1176 3073 conscendit
1214 3013 1457 3074 alveum
1498 3014 1798 3091 solusque
1838 3016 1905 3075 id
1929 3014 2133 3090 navigi
2161 3028 2369 3089 genus

403 3102 755 3190 temperans
783 3095 864 3155 ad
891 3094 1157 3158 medium
1189 3098 1494 3170 processit
1522 3094 1790 3159 fluminis
1820 3106 1882 3160 et
1908 3097 2106 3174 petiit,
2152 3097 2371 3158 liceret
2484 3143 2493 3164 ι

405 3177 523 3240 sibi
551 3177 688 3239 sine
714 3179 1031 3254 periculo
1016 3196 1075 3238 ιιι
1107 3194 1240 3242 eam
1272 3197 1454 3255 quam
1481 3183 1668 3258 armis
1709 3183 2097 3255 tenebamus,
2150 3180 2377 3256 egredi·
2468 3235 2476 3241 .

339 3270 375 3323 2
403 3263 626 3338 ripam
641 3277 716 3322 ac
754 3261 965 3323 videre
993 3263 1336 3328 caesarem.
1398 3253 1557 3328 Data
1594 3266 1821 3343 petenti
1862 3227 2138 3328 facultas.
2207 3263 2375 3325 Tum:

404 3347 671 3422 adpulsu
698 3345 877 3407 lintre
905 3353 966 3408 et
993 3347 1099 3410 diu
1127 3350 1347 3412 tacitus
1376 3352 1819 3432 contemplatus
1848 3342 2224 3412 caesai-emm
2247 3362 2377 3409 no-

406 3438 558 3490 stra
571 3428 848 3522 quidem,
899 3430 1122 3507 inquit,
1167 3433 1309 3496 aii-it
1346 3433 1664 3516 iuventus,
1707 3449 1881 3511 quac
1906 3449 2047 3496 cm
2091 3438 2381 3496 νεοιηιιιι
2446 3417 2451 3424 ’
2490 3404 2499 3426 ²

2588 91 2598 456 A
