2634 3909
681 193 1102 258 ffls'romnss
1136 189 1522 258 Romnum
1550 193 1641 267 ¹11,
1670 200 1766 256 83.
1793 200 1882 255 84.
2062 237 2069 250 Α.
2170 193 2260 262 ⁶6

286 358 495 426 «qm
529 348 778 410 ceruina·
803 362 939 408 mn
980 346 1259 408 aniinum·
1287 352 1614 420 nutasset,
1656 348 2141 414 accessitnocte
2181 350 2261 412 ad

286 432 628 496 {stationem
652 431 990 494 Romanam
1025 428 1471 507 praedixitque,
1506 446 1586 496 ne
1613 429 2123 498 destinatum-iter
2149 448 2257 509 pe-

31 519 34 608 l
300 522 500 580 terent
528 516 642 578 sed
664 515 920 578 diverso
949 510 1343 589 silvestrique
1359 531 1363 536 ·
1382 514 1809 589 pervaderent.
1863 514 1998 575 Hoc
2023 513 2107 576 M.
2134 518 2258 576 An·
2287 522 2323 576 3

285 601 472 663 -tonio
503 615 582 661 ae
600 606 691 660 tot
728 599 850 660 illis
889 597 1233 673 legionibus
1266 595 1449 659 saluti
1464 629 1470 634 ·
1486 598 1627 672 fuit,
1667 599 1749 659 de
1790 593 2014 675 quibus
2056 608 2258 661 tamen

287 690 557 759 totoque
575 682 851 744 exercitu
876 681 1046 744 haud
1070 679 1270 743 minus
1293 696 1443 757 pars
1469 688 1701 757 quarta,
1729 689 1798 744 ut
1823 682 2256 758 praediximus

167 757 192 774 '
300 764 583 841 militum,
613 767 913 828 calonum
924 764 1253 841 servitique
1279 761 1632 827 desiderata
1658 766 1834 830 tertia
1860 773 1972 840 est,
2002 765 2257 842 impedi-

299 858 648 916 mmmm
672 849 779 910 vix
798 850 925 912 uua
953 849 1284 945 superfuit·
1315 849 1476 909 hanc
1502 857 1704 912 tamen
1724 851 2029 912 Antonius
2052 851 2256 926 fugam

281 951 507 1007 &auam
554 933 700 1009 quia
723 933 903 996 vivus
929 932 1194 1007 exierat,
1244 932 1563 996 victoriam
1589 933 1870 996 vocabat.
1940 933 2054 1008 Qui
2084 936 2258 996 tertia

281 1025 534 1082 aestate
577 1033 867 1080 reversus
916 1015 980 1077 in
1026 1016 1379 1078 Armeniam
1426 1031 1637 1092 regem
1685 1018 1821 1079 eius
1867 1018 2255 1080 Artavasden

298 1103 515 1163 fraude
544 1101 868 1177 deceptum
896 1100 1148 1174 catenis,
1177 1101 1294 1161 sed
1321 1115 1401 1161 ne
1431 1101 1579 1176 quid
1606 1101 1826 1164 honori
1850 1102 2116 1174 deesset,
2149 1117 2256 1163 au-

279 1183 421 1251 'J-eis
450 1184 661 1252 vinxit
711 1184 1044 1248 Crescente
1070 1184 1295 1252 deinde
1323 1191 1384 1244 et
1411 1185 1638 1248 amoris
1668 1186 1728 1247 in
1759 1186 2141 1261 Cleopatram
2168 1189 2255 1247 ιιι
2285 1196 2323 1251 4

297 1269 519 1334 cendio
549 1278 611 1331 et
621 1268 953 1344 vitiorum,
1005 1283 1165 1344 quae
1195 1284 1445 1344 semper
1472 1269 1862 1343 facultatibus
1889 1269 2256 1346 licentiaque
2313 1278 2320 1286 ·

295 1360 357 1415 et
396 1352 916 1415 assentationibus
959 1352 1230 1426 aluntur,
1270 1352 1718 1427 magnitudine,
1760 1353 1983 1414 bellum
2022 1354 2257 1428 patriae

292 1437 522 1498 inferre
562 1435 903 1508 constituit,
950 1451 1089 1496 cum
1133 1442 1273 1497 ante
1315 1451 1543 1497 novum
1584 1453 1673 1508 se,
1695 1436 1980 1498 Liberum
2017 1435 2257 1498 Patrem

294 1520 593 1597 appellari
647 1518 965 1592 iussisset,
1035 1534 1174 1580 cum
1227 1519 1547 1581 redimitus
1586 1520 1853 1581 hederis·
1900 1536 2255 1597 coronaque

291 1605 532 1668 velatus
564 1618 751 1664 aurea
778 1610 842 1667 et
866 1602 1150 1680 thyrsum
1179 1610 1399 1670 tenens
1428 1602 1871 1679 cothurnisque
1902 1604 2253 1664 succinctus

27 1749 31 1754 .
294 1702 480 1749 curru
506 1686 677 1748 velut
700 1686 889 1748 Liber
914 1684 1092 1747 Pater
1117 1692 1336 1748 vectus
1361 1694 1533 1747 esset
1559 1687 2003 1748 Alexandreae.

27 1779 30 1822 ι
385 1821 390 1826 .
456 1769 772 1834 LXXXIII.
814 1770 975 1830 Inter
1003 1768 1167 1831 hunc
1195 1776 1558 1845 apparatum
1585 1768 1728 1831 belli
1739 1767 2002 1829 Plancus
2014 1786 2137 1832 non
2164 1771 2252 1830 iu—
2286 1786 2317 1837 1

292 1851 455 1916 dicio
483 1861 656 1916 recta
679 1854 926 1929 legendi
953 1869 1157 1930 neque
1190 1869 1400 1916 amore
1427 1852 1802 1929 reipublicae
1826 1861 1931 1913 aut
1953 1852 2250 1923 Caesaris,
2348 1873 2355 1891 ··

295 1938 530 2013 quippe
567 1937 723 2000 haec
763 1953 1012 2013 semper
1053 1937 1479 2014 impugnabat,
1531 1938 1646 1998 sed
1667 1979 1671 1988 ⁴
1695 1936 1909 1999 morbo
1958 1936 2251 2012 proditor,

291 2035 436 2084 cunt
463 2021 684 2084 luisset
709 2021 1081 2086 humillimus
1111 2028 1457 2086 assentator
1484 2023 1732 2097 reginae
1761 2030 1822 2082 et
1848 2021 2007 2081 infra
2034 2036 2252 2084 servos

292 2106 517 2179 cliens,
557 2120 698 2167 cum
724 2107 953 2170 Antoni
981 2104 1295 2179 librarius,
1339 2120 1480 2166 cum
1506 2104 2132 2168 obscoenissimarum
2158 2119 2247 2168 re·
2280 2119 2318 2173 2

289 2206 428 2252 rum
454 2196 518 2251 et
545 2195 759 2251 auctor
784 2195 848 2252 ot
874 2188 1180 2262 minister,
1217 2205 1361 2252 cum
1387 2189 1448 2250 in
1478 2190 1685 2251 omnia
1723 2198 1786 2251 et
1815 2191 1924 2264 [in]
1970 2188 2251 2267 omnibus
2343 2194 2347 2198 '

291 2272 530 2334 venalis
544 2316 562 2345 ,
613 2287 753 2333 cum
804 2274 1186 2334 caeruleatus
1228 2280 1289 2336 et
1335 2274 1541 2335 nudus
1582 2281 1890 2349 caputque
1935 2273 2251 2351 redimitus

289 2353 596 2419 nundine
633 2361 696 2415 et
734 2355 989 2418 caudam
1038 2355 1289 2418 trahens
1304 2391 1323 2428 ,-
1360 2357 1635 2431 genibus
1673 2357 1919 2418 innixus
1962 2357 2252 2426 Glaucum

285 2440 586 2504 saltasset
623 2439 688 2498 in
733 2438 1052 2514 convivio,
1101 2438 1497 2515 refrigeratus
1538 2440 1614 2501 ab
1643 2441 1914 2503 Antonio
1943 2440 2024 2500 ob
2054 2439 2252 2517 mani

291 2523 592 2619 Q
633 2522 988 2597 rapinarum
1034 2524 1259 2585 indicia
1301 2525 1628 2601 transfugit
1666 2525 1744 2585 ad
1788 2525 2142 2584 Caesarem·
2194 2528 2255 2582 et

290 2603 453 2670 idem
484 2612 706 2681 postea
734 2608 1113 2670 clementiam
1142 2608 1393 2672 victoris
1421 2625 1536 2683 pro
1565 2623 1683 2669 sua
1707 2608 1928 2670 virtute
1956 2608 2250 2680 interpre-

290 2687 559 2764 tabatur,
610 2689 895 2754 dictitans
936 2690 1002 2753 id
1040 2691 1368 2768 probatum
1408 2707 1446 2751 a
1476 2673 1768 2764 Caesare,
1809 2690 1906 2752 cui
1947 2688 2048 2749 ille
2078 2686 2250 2763 igno-

276 2781 484 2834 ·verat.
543 2735 729 2844 ’Hunc
770 2791 920 2838 mox
955 2777 1326 2837 avunculum
1363 2774 1555 2836 Titius
1591 2774 1854 2836 imitatus
1897 2781 2010 2834 est.
2074 2771 2253 2833 Haud
2280 2776 2317 2842 3
2372 2827 2385 2844 ,

291 2856 561 2918 absurde
585 2856 901 2933 Coponius
917 2903 933 2932 ,
974 2859 1070 2920 vir
1095 2876 1178 2920 ex
1217 2859 1541 2935 praetoriis
1570 2858 1974 2935 gravissimus
1988 2902 2006 2930 ,
2043 2854 2111 2916 P.
2143 2854 2252 2916 Sili

292 2954 506 3012 socer,
557 2956 696 3002 cum
731 2956 953 3004 recens
993 2944 1312 3019 transfuga
1351 2945 1542 3005 multa
1580 2958 1657 3003 ac
1698 2942 1964 3003 nefanda
1990 2940 2250 3002 Plancus

285 3022 529 3086 absenti
546 3025 817 3087 Antonio
846 3025 908 3085 in
937 3035 1157 3089 senatu
1186 3028 1509 3090 obiiceret:
1539 3027 1743 3099 multa,
1772 3025 1985 3102 inquit,
2013 3024 2249 3086 meher-

288 3107 462 3170 cules
493 3106 638 3168 fecit
654 3109 968 3171 ¹Antonius
999 3110 1198 3186 pridie
1227 3127 1414 3186 quam
1441 3119 1506 3174 tu
1536 3109 1707 3169 illum
1733 3110 2133 3186 relinqueres

454 3189 773 3254 LXXXIV.
833 3192 1097 3258 Caesare
1137 3194 1365 3258 deinde
1403 3203 1464 3256 et
1490 3192 1779 3256 Messalla
1809 3193 2072 3255 Corvino
2106 3203 2250 3250 con·
2281 3198 2313 3252 1

288 3274 534 3338 salibus
577 3275 946 3338 debellatum
973 3279 1153 3355 apud
1191 3278 1464 3351 Actium,
1511 3275 1616 3338 ubi
1664 3278 1847 3354 longe
1884 3286 2027 3339 ante
2055 3286 2251 3355 quam

287 3357 699 3432 dimicaretur,
727 3360 1220 3456 exploratissima
1240 3360 1610 3424 Iulianarum
1630 3363 1891 3438 partium
1924 3360 2032 3420 suit
2055 3347 2251 3414 victo-

199 3464 234 3480 π·
291 3440 412 3502 riaz
465 3403 715 3517 vigeba’t
756 3444 815 3504 in
856 3442 975 3505 hac
1015 3453 1191 3523 parte
1229 3444 1405 3507 miles
1436 3453 1621 3523 atque
1648 3446 2007 3522 imperator,
2058 3440 2119 3500 in
2149 3436 2254 3498 illa
2277 3448 2315 3520 2

375 3525 625 3584 Vaut.
653 3525 912 3588 PArtac.
1747 3614 1752 3617 Ι
1878 3535 1912 3587 5

2266 2483 2581 2569 mmJ‘ufa,
