2634 3909
420 221 507 288 36
768 269 806 283 .,
943 225 1029 285 Μ.
1063 224 1355 292 yELLEI
1384 223 1825 289 PA'chnm

377 387 386 416 ³
416 377 596 451 ravit,
630 392 815 453 quam
840 391 1074 452 pauper
1095 376 1345 437 divitem
1369 376 1690 452 ingressus
1712 376 2252 454 diveszpauperem
2277 397 2370 440 re·

359 466 395 521 3
418 460 609 536 litmit.
654 461 713 521 Is
743 465 885 520 cum
913 459 1240 532 exercitui,
1271 460 1378 534 qui
1406 461 1624 520 eratin
1649 461 1999 535 Germania,
2030 472 2370 538 praeesset,

366 555 376 598 ;
418 545 700 620 concepit
725 559 871 616 esse
899 543 1206 618 homines,
1251 544 1355 619 qui
1383 542 1537 603 nihil.
1558 549 1803 619 praeter
1827 559 2047 606 vocem
2070 549 2371 609 membra-
2436 563 2443 572 “

419 643 542 705 que
567 627 865 689 haberent
891 627 1233 701 hominum,
1272 626 1503 704 quique
1531 627 1751 703 gladiis
1781 629 2016 690 domari
2040 646 2167 691 non
2196 639 2371 707 pote-

357 717 394 771 4
414 719 579 785 rant,
612 727 804 787 posse
829 712 962 771 iure
973 711 1244 771 mulceri.
1285 711 1425 784 Quo
1440 711 1761 787 proposito
1774 713 2371 789 mediam-ingressus

415 795 799 874 Germaniam
839 796 1007 855 velut
1045 795 1200 854 inter
1250 795 1422 864 viros
1459 796 1633 870 pacis
1683 796 2003 869 gaudentis
2048 798 2372 860 dulcedine

411 878 930 941 imisdictionibus
960 878 1326 955 agendoque
1363 894 1477 955 pro
1514 877 1801 940 tribunali
1843 879 2058 942 ordine
2092 881 2373 942 trahebat

414 965 692 1024 aoetiva.·
993 995 998 1004 ·
1299 981 1302 982 ⁷
2226 1011 2249 1022 ,

359 1059 389 1111 1
582 1045 839 1106 cxvlll.
918 1046 1001 1106 At
1024 1044 1140 1119 illi,
1193 1047 1362 1121 quod
1394 1046 1832 1123 nisi-expertus
1872 1047 1977 1107 vix
2014 1048 2254 1120 credat,
2304 1049 2369 1109 in

415 1146 648 1191 summa
696 1131 931 1192 feritate
970 1130 1373 1191 versutissimi
1421 1136 1753 1206 natumque
1788 1130 2111 1192 mendacio
2148 1146 2367 1208 genuS,

363 1221 378 1256 ·‘
413 1214 766 1275 simulantes
807 1214 983 1274 fictas
1024 1213 1216 1275 litium
1243 1213 1441 1273 series
1478 1224 1542 1274 et
1583 1231 1747 1275 nunc
1773 1222 2186 1290 provocantes
2215 1217 2372 1276 alter

413 1298 664 1360 alterum
709 1297 954 1370 iniuria,
997 1312 1162 1356 nunc
1203 1305 1455 1372 agentes
1483 1300 1711 1372 gratias
1727 1342 1745 1372 ,
1793 1298 1963 1375 quod
1990 1312 2065 1358 ea
2090 1299 2371 1360 Romana

326 1456 329 1461 Ι
410 1381 639 1441 iustitia
665 1381 870 1441 fininet
899 1381 1234 1455 feritasque
1262 1395 1385 1441 sua·
1406 1384 1674 1443 novitate
1712 1382 2067 1457 incognitae
2086 1381 2366 1457 discipli-

411 1478 528 1523 nae
557 1465 905 1526 mitesceret
929 1471 992 1524 et
1011 1465 1199 1525 'solita
1228 1466 1424 1527 armis.
1443 1465 1711 1527 discerni
1732 1466 1867 1527 iure
1885 1465 2366 1539 terminarentur,
2419 1479 2423 1484 ·

410 1546 472 1607 in
513 1563 810 1609 summam
847 1549 1198 1610 socordiam
1240 1550 1595 1626 perduxere
1618 1549 1998 1624 Quintilium,
2040 1565 2243 1625 usque
2270 1566 2366 1622 ec,

409 1639 482 1692 ut
506 1648 576 1693 se
605 1635 946 1709 praetorem
987 1634 1285 1695 urbanum
1325 1633 1387 1694 in
1416 1635 1551 1695 lom
1580 1635 1676 1695 ius
1709 1633 1946 1708 dicere,
1988 1649 2112 1694 non
2138 1635 2213 1693 ,in
2242 1649 2367 1694 me·

354 1728 389 1780 2
410 1715 529 1775 diis
561 1718 921 1777 Germaniae
950 1716 1177 1777 finibus
1208 1718 1498 1778 exercitui
1530 1731 1824 1793 praeesse
1853 1717 2147 1778 crederet.
2216 1719 2367 1777 Tum

410 1801 648 1861 iuvenis
677 1815 904 1877 genere
933 1801 1157 1861 nobilis
1173 1848 1188 1874 ,
1239 1818 1425 1862 manu
1474 1802 1679 1877 fortis,
1729 1811 1920 1862 sensu
1968 1802 2157 1873 celer,
2210 1802 2368 1860 ultra

408 1882 735 1946 barbarum
765 1891 1087 1961 promptus
1117 1885 1391 1960 ingenio,
1434 1887 1677 1946 nomine
1700 1885 2044 1959 Arminius,
2088 1883 2366 1959 Sigimeri

408 1968 705 2044 principis
729 1970 927 2043 gentis
958 1971 1098 2030 eius
1124 1968 1285 2030 filius
1300 2015 1315 2043 ,
1348 1970 1627 2034 arderem
1651 1968 1831 2030 animi
1856 1969 2023 2029 vultu
2047 1969 2368 2042 oculisque

410 2053 781 2126 praeterenS,
808 2052 1107 2112 adsiduus
1132 2052 1380 2114 militiae
1407 2061 1652 2115 nostrae
1666 2051 1901 2130 -prioris
1924 2066 2153 2123 eomes
2184 2058 2363 2124 [cum]

409 2135 734 2196 iureetiam
750 2134 1009 2195 civitatis
1022 2136 1337 2197 Romanae
1348 2137 1446 2198 ius
1469 2137 1773 2215 equestris
1800 2141 2198 2210 consequens
2224 2150 2369 2209 gra-

259 2209 269 2218 *
353 2241 384 2278 ε..
411 2216 558 2290 ᾱυε,
591 2218 854 2293 segnitia
879 2219 1143 2280 ducislin
1169 2222 1558 2284 occasionem
1582 2220 1841 2282 sceleris
1868 2234 2021 2280 usus
2043 2225 2167 2293 est,
2198 2217 2367 2280 haud

404 2298 819 2377 imprudenter
833 2305 1184 2378 speculatus
1196 2306 1497 2366 neminem
1511 2306 1769 2366 celerius
1784 2301 2049 2381 opprimi
2061 2318 2246 2378 quam
2262 2303 2364 2379 qui

409 2385 553 2445 nihil
580 2386 844 2459 timeret,
878 2395 938 2447 et
956 2387 1526 2464 ‘frequentissimum
1570 2390 1800 2450 initium
1834 2401 1981 2448 esse
2008 2386 2364 2447 calamitatis

351 2472 387 2532 ὃ
410 2470 816 2530 securitatem.
857 2469 1058 2531 Primo
1087 2472 1267 2547 igitur
1294 2488 1566 2549 paucos,
1606 2488 1752 2534 mox
1779 2471 1972 2547 pluris
1994 2470 2075 2530 ’in
2106 2470 2362 2532 societa—

409 2559 529 2614 tem
573 2554 790 2615 consili
823 2554 1096 2631 recepit3
1138 2557 1400 2632 opprimi
1440 2572 1634 2632 posse
1676 2557 1999 2617 Romanos·
2034 2561 2094 2615 et
2132 2552 2280 2614 dicit
2306 2560 2366 2611 et

409 2638 776 2712 persuadet;
807 2638 1069 2700 decretis
1100 2641 1258 2701 facta
1286 2641 1509 2717 iungit,
1528 2663 1532 2668 ·
1549 2647 1789 2715 tempus
1829 2638 2192 2699 insidiarum
2220 2652 2365 2697 con·

352 2724 389 2778 4
411 2720 622 2782 stituit.
685 2721 756 2783 Id
783 2723 952 2784 Varo
995 2737 1107 2799 per
1146 2725 1345 2785 virum
1384 2726 1519 2787 eius
1558 2724 1758 2799 gentis
1800 2722 2044 2783 fidelem
2092 2722 2365 2795 clarique

409 2802 705 2879 nominis,
737 2804 1074 2880 Segesten,
1101 2807 1433 2878 indicatum
1466 2812 1576 2881 [at]
1590 2805 2190 2868 obstabantiamt'ata
2212 2819 2365 2864 eon-

408 2886 566 2946 siliis
575 2903 940 2964 omnemque
955 2891 1138 2950 animi
1152 2891 1286 2952 eius
1309 2892 1508 2952 aciem
1534 2889 2098 2967 pmestrinxoeantz
2131 2888 2366 2964 quippe

408 2969 492 3029 ita
519 2984 590 3029 se
617 2986 718 3031 res
747 2971 960 3047 habet,
1002 2982 1070 3035 ut
1098 2975 1459 3050 plerumque
1491 2976 1645 3054 [qui]
1694 2975 1997 3036 sermnem
2024 2980 2362 3033 mutaturus

408 3054 566 3114 deus
589 3054 846 3116 consilia
867 3066 1216 3133 corrumpat
1237 3059 1606 3133 efficiatque,
1634 3059 1803 3134 quod
1828 3057 2226 3118 miserrimum
2248 3059 2363 3125 est,

344 3175 364 3192 ..
410 3145 477 3198 ut
500 3136 672 3212 quod
692 3137 1012 3215 acciderit,
1038 3142 1220 3203 etiam
1238 3142 1453 3203 merito
1474 3142 1785 3203 accidisse
1804 3139 2156 3201 videatur-et
2178 3147 2364 3196 casus

351 3227 385 3281 5
412 3223 473 3281 in
495 3221 748 3296 culpam
769 3228 1058 3288 transeat.
1099 3225 1295 3301 Negat
1324 3226 1535 3300 itaque·
1552 3240 1628 3286 se
1657 3224 1941 3297 credere,
1970 3219 2368 3298 speciemque

413 3306 476 3364 in
531 3321 603 3366 se
630 3305 1094 3367 benevolentiae
1144 3325 1223 3369 ex
1249 3309 1465 3370 merito
1508 3310 1832 3370 aestimare
1860 3306 2208 3383 profiteturz
2250 3319 2369 3364 nec

417 3388 647 3450 diutius
677 3396 822 3464 post
847 3389 1105 3464 primum
1132 3392 1394 3453 indicem
1418 3392 1699 3454 secundo
1724 3393 1971 3452 relictus
2000 3390 2195 3449 locus.
2346 3419 2357 3453 ι

355 3476 412 3528 1·
589 3472 787 3535 cxlx.
860 3471 1145 3533 Ordinem
1169 3476 1595 3536 atrocissimae
1623 3473 1976 3537 calamitatis
1992 3513 2008 3544 ,
2054 3487 2179 3550 qua
2206 3473 2374 3536 nulla
