2634 3909
394 193 484 269 16
845 241 878 296 ‘.
943 195 1038 262 M:
1063 195 1851 260 VELLEPPA'OERCULR

392 349 596 412 eiviiis·
605 343 1432 435 sangumis‘gtadiorumque
1452 347 1835 423 irnpunitatis
1842 350 1953 410 fuit
1966 372 1991 405 a·
2004 350 2146 411 inde
2160 349 2271 411 -ius
2284 354 2353 413 vi·

393 431 1136 509 obrutumapotentiorquc
1158 427 1403 516 habitus
1435 431 1602 507 prior
1630 432 2104 510 discordiaeque
2124 431 2349 496 civium

353 537 363 572 2
393 525 575 598 antea
591 515 1066 578 condicionibus
1096 516 1300 576 sanari
1329 516 1546 575 solitae
1574 511 1741 577 ferro
1769 516 2135 579 diiudicatae
2162 519 2348 579 bena-

334 629 371 684 4
395 617 517 683 que
546 617 669 664 non
697 601 904 661 causis
933 598 1093 660 sinita
1122 600 1235 660 s'ed
1263 606 1451 674 prout
1468 603 1684 660 eorum
1710 613 1953 662 merces
1980 601 2109 663 ruit.
2173 603 2359 676 Quod

391 683 802 747 haudfmirum
833 689 959 752 est3
1004 699 1130 745 non
1166 684 1326 746 enim
1356 682 1442 743 ibi
1473 684 1815 745 consistunt
1841 687 2153 761 exempla,
2183 687 2350 747 unde

392 776 758 846 coeperunt,
803 767 914 828 sed
961 763 1290 842 quamlibet
1309 767 1372 828 in
1398 775 1644 834 tenuem
1670 776 1919 845 recepta
1938 770 2235 831 tramitem
2263 773 2349 832 la-

300 863 305 868 ·
391 855 628 915 tissime
657 851 959 926 evagandi
1007 851 1124 913 sibi
1161 852 1326 915 ‘viam
1382 849 1612 913 faciunt
1667 859 1727 912 et
1778 853 1887 914 ‘ubi
1928 855 2132 914 semel
2179 862 2348 915 recto

394 939 881 1008 deerratumest,
923 935 986 995 in
1017 950 1317 1011 praeceps
1351 936 1704 1010 pervenitur
1729 951 1847 998 nec
1877 939 2203 1014 quisquam
2231 938 2350 998 sibi

396 1019 572 1099 putat
592 1028 790 1095 turpe,
822 1020 990 1095 quod
1018 1020 1118 1079 alii
1150 1019 1263 1102 fuit
1291 1019 1691 1080 fructuosum.
1864 1061 1869 1070 .

340 1126 361 1178 l
539 1103 668 1162 JV.
753 1103 996 1164 Interim
1025 1104 1170 1163 dum
1196 1103 1355 1161 haee
1387 1103 1451 1161 in
1476 1103 1655 1163 ‘Italia
1692 1110 2010 1177 geruntur,
2049 1105 2351 1165 Aristoni-

395 1204 527 1260 cuS,
574 1188 678 1261 qui
705 1195 945 1249 mortuo
973 1197 1121 1261 rege
1141 1186 1377 1258 Attalo,
1415 1201 1453 1245 a
1483 1201 1605 1263 quo
1635 1185 1789 1247 Asia
1816 1188 2048 1263 populo
2075 1188 2352 1249 Romano

395 1271 731 1333 hereditate
757 1272 969 1332 reiicta
997 1277 1143 1345 erat,
1176 1272 1336 1330 sicut
1361 1270 1573 1330 renota
1598 1277 1822 1346 postea
1840 1280 2011 1332 esta
2020 1271 2353 1332 Nicomede

394 1354 701 1433 Bithynia,
721 1355 1014 1415 mentitus
1047 1355 1257 1429 regiae
1285 1354 1497 1428 stirpis
1516 1353 2052 1430 originenuarmis
2082 1370 2216 1416 eam
2249 1371 2351 1416 oc·

344 1477 372 1492 a
398 1446 757 1515 cupaverat,
817 1438 890 1498 is·
928 1438 1126 1500 victus
1189 1453 1227 1497 a
1265 1436 1347 1496 M.·
1396 1436 1709 1514 Perperna
1755 1440 2103 1515 ductusque
2138 1435 2197 1499 in
2250 1440 2354 1500 tri·

397 1522 651 1599 umpho,
682 1523 797 1583 sed
826 1539 863 1583 a
890 1522 990 1582 Μ’.
1015 1520 1285 1598 Aquilio,
1315 1519 1518 1597 eapite
1547 1535 1783 1597 poenas
1804 1522 1989 1596 dedit,
2016 1539 2157 1586 cum
2185 1524 2352 1583 initio

397 1607 546 1670 boui·
563 1607 849 1667 Crassum
876 1606 1262 1679 Mucianum,
1297 1604 1500 1666 virum
1541 1605 1688 1670 iuris
1716 1607 2206 1681 scientissimum,
2240 1608 2352 1667 de-

348 1692 718 1758 acedentem
737 1731 742 1736 ,
761 1705 843 1751 ex
881 1690 1498 1766 asia-proconsulem
1524 1687 1948 1754 interemissetL
1984 1687 2091 1753 'Et
2115 1691 2179 1749 Ρ.
2220 1690 2354 1750 Sci-

398 1775 512 1852 pio·
530 1776 858 1836 Africanus
873 1775 1267 1847 AemilianuS,
1299 1773 1839 1848 qui-carthaginem
1860 1775 2184 1845 deleverat,
2212 1782 2358 1848 post

397 1867 489 1922 tot
510 1865 800 1933 acceptas
829 1859 992 1919 circa
1003 1857 1385 1940 Numantiam
1397 1856 1589 1917 eladis
1618 1852 1862 1920 creatus
1890 1859 2105 1919 iterum
2137 1860 2356 1919 consui

399 1944 756 2018 missusque
773 1940 854 2003 in
887 1941 1246 2017 Hispaniam
1271 1942 1568 2001 ‘fortunae
1606 1942 1935 2017 virtutique
1972 1948 2265 2016 expertae
2294 1942 2356 2001 in

333 2047 340 2050 ·
400 2026 611 2087 Africa
637 2026 960 2101 respondit
987 2025 1049 2086 in
1071 2024 1387 2100 Hispania,
1419 2032 1480 2084 et
1506 2024 1663 2086 intra
1691 2042 1912 2088 annum
1946 2041 2019 2085 ac
2046 2024 2157 2085 tris
2188 2039 2355 2084 men-

362 2120 372 2136 ·
402 2111 521 2184 sis,
566 2125 750 2184 quam
776 2124 858 2169 eo
881 2116 1164 2182 venerat,
1192 2105 1626 2177 circumdatam
1656 2109 1948 2184 operibus
1975 2108 2355 2169 Numantiam

399 2191 1132 2268 excitumque-aequavit
1172 2193 1331 2254 solo.
1398 2191 1527 2256 Nec
1570 2192 1895 2270 quisquam
1933 2191 2116 2252 [illius
2158 2193 2359 2267 gentis

402 2275 713 2340 hominum
754 2282 892 2337 ante
929 2289 1072 2338 eum
1106 2275 1366 2337 clariore
1394 2277 1634 2338 urbium
1662 2275 1906 2338 excidio
1930 2290 2153 2337 nomen
2182 2292 2365 2340 suum·

404 2367 741 2438 perpetuae
780 2361 1227 2422 commendavit
1269 2359 1632 2431 memoriae;
1694 2361 1925 2436 quippe
1965 2359 2176 2420 excisa
2217 2359 2358 2422 Car-

322 2503 326 2507 .
402 2442 653 2520 thag'ine
676 2459 752 2504 ac
783 2443 1104 2508 Numantia
1141 2444 1221 2504 ab
1252 2443 1643 2505 alterius=nos
1667 2443 1858 2517 metu,
1887 2444 2136 2503 alterius
2163 2441 2359 2502 vindi-

346 2545 380 2602 4
406 2525 568 2590 cavit
588 2528 996 2591 contumetiis.
1034 2528 1165 2602 Hic,
1197 2543 1339 2588 eum
1359 2529 1765 2602 interrogante
1794 2527 2039 2592 tribuno
2061 2526 2359 2598 Carbone,

408 2613 557 2689 quid
586 2613 665 2673 de
691 2613 778 2672 Ti.
810 2612 1069 2676 Gracchi
1098 2611 1290 2680 caede
1317 2613 1588 2684 sentiret,
1632 2609 1968 2687 respondit,
2014 2611 2067 2670 si
2094 2610 2150 2671 is
2181 2625 2362 2671 occu·
2447 2640 2451 2646 -

408 2698 653 2773 pandae
690 2696 1063 2772 reipublicae
1107 2697 1391 2756 animum·
1412 2693 1760 2773 habuisset,
1801 2695 1934 2755 iure
1978 2709 2258 2765 caesum3
2304 2702 2364 2753 et

410 2796 548 2842 eum
591 2780 790 2841 omnis
811 2775 1030 2842 'contio
1072 2781 1505 2842 acclamassem
1548 2775 1833 2853 hostium,
1850 2779 2076 2854 inquit,
2108 2786 2364 2840 armato-

407 2880 544 2926 rum
582 2864 810 2924 totiens
845 2865 1128 2925 clamore-
1150 2879 1274 2924 non
1301 2864 1545 2925 territus
1577 2861 1683 2939 qui
1719 2877 1977 2938 possum
1998 2872 2207 2925 vestro
2236 2880 2365 2923 mo-

346 2948 382 3012 5
416 2947 563 3022 veri,
590 2963 852 3022 quornm
881 2954 1267 3024 noverca-est
1284 2947 1498 3007 Italia?
1537 2947 1853 3009 Reversus
1878 2948 1943 3008 in
1968 2947 2182 3008 urbem
2211 2946 2368 3006 intra

410 3033 601 3092 breve
627 3038 871 3105 tempus
888 3076 903 3101 ‚
927 3015 1030 3090 Μ’.
1062 3030 1332 3107 Aquilio,
1367 3032 1432 3092 0.·
1463 3030 1827 3107 Sempronio
1851 3029 2231 3102 consulibuS,
2260 3028 2365 3088 ab·

410 3115 555 3176 hinc
577 3130 774 3198 annos
801 3122 1044 3175 centum
1075 3115 1515 3190 quinquaginta
1544 3123 1811 3191 septem,
1848 3117 2189 3192 ‚post’duos
2219 3128 2367 3173 con-

414 3201 649 3261 sulatus
666 3198 950 3276 duosque
965 3199 1307 3274 triumphos
1332 3205 1398 3258 et
1419 3196 1514 3259 bis
1528 3199 1778 3260 excisos
1790 3208 2055 3261 terrores
2076 3195 2366 3275 reipubli-

416 3297 530 3344 cae
556 3298 733 3343 mane
761 3284 823 3341 in
845 3284 1065 3344 lectulo
1094 3290 1376 3358 repertus
1402 3289 1499 3342 est
1525 3291 1818 3358 mortuus,
1846 3284 1931 3343 ita
1956 3291 2024 3342 ut
2067 3281 2369 3355 quaedam

352 3375 389 3431 6
418 3367 706 3430 elisarum
735 3364 1001 3428 faucium
1028 3365 1087 3425 in
1131 3366 1817 3441 cervice-reperirentur
1843 3372 2044 3426 notae.
2099 3365 2191 3426 De
2216 3364 2368 3426 tanti

359 3455 378 3504 t
416 3451 530 3511 viri
560 3457 753 3513 morte
781 3450 948 3510 nulla
973 3449 1181 3509 habita
1194 3450 1601 3526 estquaestio,
1624 3451 1883 3527 eiusque
1910 3463 2140 3525 corpus
2170 3450 2370 3509 velato
