2634 3909
395 204 480 269 ⁷2
533 245 536 254 ¹
815 207 844 232 ··
912 203 1040 265 *ms
1057 201 1341 266 vuum!
1376 166 1808 268 namneum
1840 229 1854 243 --
1898 257 1903 264 .

392 358 523 417 riae
549 355 818 434 inopiam
845 355 931 417 ita
957 354 1166 418 &stiae
1187 361 1380 432 atque
1403 354 1477 416 in'
1493 355 1956 419 urbe'mandato
1985 356 2183 419 vitrici
2211 375 2343 421 mo·

395 441 641 504 demtus
665 446 794 515 eet,
837 446 906 501 ut
946 447 1059 516 per
1096 439 1191 514 id,
1234 439 1687 516 quod-‘agebam
1731 448 1997 517 quantus
2036 455 2347 506 evasurus

328 530 364 583 2
393 530 602 596 esset,
633 524 920 586 eluceret·
953 523 1098 584 Nec
1122 525 1312 585 multo
1345 522 1742 598 post-missus
1771 524 1853 585 ab
1880 527 2100 588 eodem
2129 528 2345 589 vitrico

393 623 530 668 eum
553 607 824 669 exercitu
841 605 927 670 ad
945 608 1237 668 visendas
1264 607 1762 685 ordinandas-que
1780 625 1941 684 quae
1964 610 2084 671 sub
2099 610 2346 674 Oriente
2440 671 2445 675 ,

393 700 564 767 sunt,
591 693 942 768 provincias
969 690 1321 767 praecipuis
1353 692 1621 753 omnium
1646 692 1932 754 virtutum
1959 695 2340 770 experimen-

389 776 467 836 tis
507 777 568 835 in
609 791 685 837 eo
726 781 927 836 tractu
959 774 1140 835 editis
1153 821 1170 850 ,
1216 791 1355 836 cum
1394 773 1740 852 legionibus
1778 776 2101 853 ingressus
2127 781 2355 841 Arme--

390 861 571 934 niam,
592 859 841 921 redacta
855 874 930 919 ea
952 859 1015 919 in
1041 863 1413 936 potestatem·
1430 860 1645 936 populi
1653 862 1914 922 Romani
1935 876 2193 937 regnum
2204 864 2342 925 eius

386 943 717 1004 Artavasdi
745 942 932 1004 dedit.
991 942 1146 1003 Tum·
1169 959 1284 1002 rex
1312 959 1565 1020 quoque
1589 943 1946 1005 Parthorum
1973 947 2121 1007 tanti
2149 945 2339 1007 nomi—

387 1027 483 1088 nis
512 1027 674 1088 fama
699 1027 941 1088 territus
970 1027 1197 1088 liberos
1232 1043 1386 1089 suos
1415 1027 1496 1087 ad
1520 1027 1848 1090 Caesarem
1876 1030 2039 1091 misit
2066 1028 2340 1092 obsides.

326 1120 357 1172 1
443 1137 444 1140 ¹
544 1111 725 1173 XCV.
778 1111 1124 1172 Reversum
1151 1111 1302 1191 indc-
1322 1110 1625 1172 Neronem
1652 1112 1880 1173 caesar
1917 1113 2082 1174 haud
2108 1113 2343 1175 medio-

388 1196 512 1255 cris
538 1195 682 1256 belli
709 1197 878 1256 mole
892 1195 1158 1272 experiri
1185 1194 1412 1269 statuit,
1445 1192 1724 1257 adiutore
1751 1195 1960 1272 operis
1983 1197 2126 1258 dato
2156 1198 2351 1258 fratre·

386 1280 586 1354 ipsius
613 1279 819 1341 Druso
849 1278 1133 1353 Claudio,
1177 1294 1360 1355 quem
1389 1279 1548 1339 intra
1571 1278 1854 1342 Caesaris
1891 1281 2129 1356 penatis
2159 1280 2341 1342 enixa

320 1373 356 1425 2
386 1372 516 1424 erat
539 1363 731 1425 Livia.
788 1362 1034 1439 Quippe
1053 1369 1314 1439 uterque
1342 1364 1559 1426 divisis
1587 1364 1864 1439 partibus
1892 1363 2164 1427 Rhaetos
2191 1366 2338 1425 Vin-

384 1446 746 1522 delicosque
797 1447 1108 1524 adgressi,
1160 1446 1364 1508 multis
1411 1447 1655 1512 urbium
1696 1455 1757 1508 et
1795 1449 2187 1510 castellorum
2228 1465 2336 1524 op-

385 1530 858 1607 pugnationibus
880 1544 996 1590 nec
1017 1546 1145 1592 non·
1165 1531 1397 1592 directa
1417 1548 1668 1609 quoque
1687 1531 1822 1593 acie
1849 1529 2105 1594 feliciter
2129 1531 2336 1606 functi,

383 1616 583 1689 gentis
623 1616 778 1676 locis
820 1614 1187 1688 tutissimas,
1237 1613 1407 1677 aditu
1447 1615 1867 1691 difficillimas,
1920 1632 2174 1679 numero
2219 1618 2336 1677 fre-

386 1700 649 1776 quentis,
686 1699 924 1760 feritate
951 1699 1143 1761 trucis
1170 1699 1404 1760 maiore
1431 1713 1573 1759 cnm
1597 1701 1871 1777 periculo
1903 1715 2087 1776 quam
2116 1702 2337 1761 damno

381 1784 642 1848 Romani
675 1784 982 1844 exercitus
998 1830 1014 1858 ,
1056 1783 1319 1860 plurimo
1361 1798 1501 1844 oum
1538 1798 1750 1844 earnm
1791 1786 2087 1860 sanguine
2115 1784 2335 1861 perdo·

320 1878 355 1934 3
381 1877 679 1930 muerunt.
722 1872 886 1928 Ante
915 1882 1080 1944 quae
1102 1876 1384 1942 tempora
1412 1881 1675 1928 censura
1692 1868 1900 1929 Planci
1927 1874 1988 1928 et
2007 1868 2175 1929 Pauli
2203 1876 2340 1929 acta

331 1949 336 1955 ’
385 1951 540 2012 inter
582 1951 955 2012 discordiam
995 1965 1199 2028 neque
1238 1951 1394 2026 ipsis
1436 1951 1687 2027 honori,
1726 1967 1937 2027 neque
1964 1953 2347 2029 reipublicae-

382 2034 527 2094 usui
557 2036 784 2108 luerat,
828 2049 965 2094 cum
1008 2034 1182 2094 alteri
1221 2033 1320 2095 vis
1352 2036 1664 2111 censoria,
1709 2034 1880 2096 alteri
1916 2034 2044 2095 vita
2069 2036 2339 2111 deesset,

377 2119 610 2178 ‘Paums
637 2118 745 2177 vix
777 2124 993 2194 posset
1019 2117 1276 2196 implere
1303 2131 1658 2195 censorem,
1699 2119 1959 2182 Plancus
1987 2119 2202 2179 timere
2230 2120 2338 2181 de—

383 2202 554 2262 beret
580 2216 697 2263 nec
731 2200 1060 2277 qtdcquam
1082 2200 1348 2262 obiicere
1371 2210 1589 2278 posset
1610 2203 2127 2277 adulescentibuS,
2170 2204 2342 2280 quod

382 2300 508 2345 non
539 2293 917 2361 agnosceret*
936 2299 1131 2346 senex
1160 2293 1266 2347 aut
1293 2285 1647 2348 obiicientis*
1667 2288 1923 2349 audiret.
2000 2356 2005 2361 .
2055 2306 2065 2314 ·

321 2380 352 2432 1
546 2367 753 2429 xcvl.
817 2368 987 2430 Mors
1018 2367 1242 2431 deinde
1268 2368 1616 2448 Agrippae,
1659 2371 1766 2447 qui
1806 2374 2134 2433 novitatem
2164 2386 2340 2454 suam

383 2454 585 2518 multis
612 2452 801 2514 rebus
830 2452 1257 2515 nobilitaverat
1288 2463 1476 2531 atque
1502 2453 1564 2517 in
1595 2454 1717 2514 hoc
1744 2456 2141 2530 perduxerat,
2187 2460 2253 2513 ut
2281 2457 2353 2513 et·

381 2535 642 2599 Neronis
665 2544 836 2610 esset
856 2551 1053 2613 socer,
1085 2537 1386 2615 cuiusque
1413 2539 1661 2611 liberoS,
1691 2543 1948 2613 nepotes
1979 2552 2133 2598 suos
2157 2533 2340 2598 divus

382 2624 700 2698 Augustus
732 2621 1105 2698 praepositis
1129 2620 1344 2682 Gaiae
1363 2623 1512 2684 Luci
1540 2620 1885 2682 nominibus
1915 2619 2356 2697 adoptaverat,

383 2707 655 2767 admovit
681 2707 940 2788 propius
960 2707 1264 2782 Neronem
1286 2705 1562 2767 Caesari=
1595 2704 1826 2782 quippe
1851 2704 2011 2765 Iulia
2031 2704 2161 2766 fllia
2184 2703 2339 2779 elim,

319 2797 355 2848 2
385 2803 544 2863 quae
574 2791 773 2851 suerat
791 2790 1105 2869 Agrippae
1132 2796 1355 2865 nupta,
1383 2787 1609 2851 Neroni
1638 2789 1864 2864 nupsit.
1908 2788 2185 2850 Subinde
2211 2787 2339 2847 bel-

382 2874 507 2932 lum
533 2872 984 2949 Pannonicum,
1015 2873 1184 2950 quod
1213 2875 1562 2935 inchoatum
1590 2872 1667 2932 ab
1696 2873 1978 2950 Agrippa
2002 2871 2351 2948 Marcoque

380 2955 645 3032 Vinicio,
675 2973 792 3018 avo
822 2966 946 3032 tuo,
975 2957 1302 3032 consulari,
1329 2971 1618 3033 magnum
1636 2963 1941 3033 atroxque
1959 2964 2021 3018 et
2041 2970 2347 3032 perquam

316 3048 353 3102 3
379 3040 646 3100 vicinum
676 3040 1027 3102 imminebat
1044 3039 1271 3116 Italiae,
1303 3055 1418 3117 per
1433 3040 1740 3103 Neronem
1760 3049 2000 3117 gestum
2021 3048 2135 3101 est.
2181 3039 2337 3100 Gen·

380 3124 459 3183 tis
503 3121 956 3186 Pannoniorum
996 3126 1534 3202 Delmatarumque
1575 3126 1857 3187 nationes
1899 3127 2205 3199 situmque
2240 3136 2339 3181 re-

382 3204 636 3282 gionum
673 3222 746 3267 ac
785 3206 1114 3271 fluminum
1138 3224 1584 3284 numerumque
1625 3216 1686 3271 et
1711 3211 1960 3271 m‘odum
1984 3207 2205 3268 virium
2230 3217 2337 3265 ex·-

385 3291 890 3368 eelsissim'asque
931 3301 993 3353 et
1030 3294 1379 3370 multiplicis·
1420 3309 1496 3354 eo
1536 3293 1699 3355 bello
1738 3294 2029 3356 victorias
2059 3291 2206 3351 tanti
2231 3285 2340 3348 im-

385 3378 688 3448 peratoris
716 3375 836 3438 alio
863 3378 1002 3437 loco
1025 3375 1499 3455 explicabimusz
1527 3373 1651 3438 hoe
1672 3394 1833 3453 opus
1855 3382 2064 3437 servet
2085 3377 2343 3435 formam

385 3471 588 3520 suam.⁴
633 3461 828 3522 Huius
860 3460 1150 3522 victoriae
1179 3462 1436 3536 compos
1463 3459 1624 3522 Nero
1655 3473 1850 3522 ovans
1875 3457 2286 3533 triumphavit.
