2634 3909
360 173 374 186 ⁸
399 168 485 231 94
936 170 1018 231 Μ.
1062 169 1344 234 VEZLEI
1386 171 1818 234 PATERCULI

401 321 1069 399 Sacroviro'Fleroque
1098 323 1254 385 Iulio
1299 322 1453 385 mira
1484 324 1797 387 celeritate
1835 342 1909 387 ac
1938 326 2171 388 virtute>
2184 344 2356 389 eorm

402 407 654 482 pressit⁷
667 411 747 467 ut
770 413 911 468 ante
937 408 1210 482 populus
1220 408 1534 469 Romanus
1561 408 1791 470 vicisse
1811 426 1885 471 se
1914 426 2099 487 quam
2125 411 2359 474 bellare

400 499 805 585 cogriosceret
857 490 1243 576 nunciusque
1302 491 1560 567 periculi
1613 493 1907 555 victoriae
1956 496 2359 569 praecederet

398 572 706 635 nuncius?
760 574 966 650 Magni
1004 561 1185 635 etiam
1224 574 1475 636 terroris
1518 576 1745 638 bellum
1773 578 2050 642 Africum
2084 588 2173 640 et
2183 579 2355 641 cotti

398 657 582 720 diano
625 666 809 720 auctu
846 656 1044 719 maius
1087 657 1382 734 auspiciis
1426 659 1853 735 consiliisque
1864 661 2000 724 eius
2042 661 2231 726 brevi
2256 679 2355 726 se*-

271 799 278 804 ,
399 743 633 817 pultum
662 750 780 802 est.

338 836 368 889 1
569 825 793 887 CXXX.
879 824 1114 899 Quanta
1162 842 1277 887 suo
1331 842 1705 903 suorumque
1760 828 2006 889 nomine
2057 783 2356 890 exstruxit

399 917 632 984 opera?
663 915 849 986 quam
879 909 979 984 pia
1003 910 1421 971 munificentia
1442 926 1755 988 superque
1784 911 2110 996 humanam
2140 921 2354 975 evecta

394 993 581 1053 fidem
611 994 901 1069 templum
923 993 1082 1068 patri
1103 992 1392 1054 molitur?
1426 1011 1610 1069 quam
1634 996 1962 1070 magnifico
1993 991 2181 1056 animi
2204 1004 2352 1057 tem-

393 1077 871 1152 peramento-Cn.
891 1093 1144 1154 quoque
1153 1077 1408 1153 Pompei
1428 1094 1681 1156 munera
1695 1081 2020 1156 absumpta
2040 1080 2354 1156 igniresti÷

392 1160 548 1221 tuit?
592 1157 887 1237 quicquid
917 1165 1075 1223 enim
1102 1166 1374 1237 unquam
1396 1162 1754 1225 claritudine
1782 1163 2052 1239 eminuit,
2080 1164 2146 1226 id
2166 1164 2356 1226 veluti

328 1254 364 1308 2
395 1251 721 1319 cognatum
743 1253 955 1306 censet
986 1245 1293 1306 tuendum.
1335 1244 1465 1319 Qua
1485 1246 1843 1308 liberalitate
1867 1264 2003 1310 cum
2023 1247 2193 1319 alia-c,
2225 1256 2353 1309 tum

393 1327 675 1403 proxime
721 1328 978 1390 incenso
1020 1327 1227 1389 monte
1270 1328 1479 1391 Coelio
1524 1330 1998 1393 omnisordinis
2039 1329 2352 1394 hominum

388 1411 660 1472 iacturae
702 1411 1065 1487 patrimonio
1109 1412 1413 1475 succurrit
1452 1429 1566 1476 suo
1582 1422 1612 1474 2
1681 1416 1917 1490 Quanta
1961 1431 2099 1478 cum
2142 1415 2351 1491 quiete

390 1493 703 1556 hominum
730 1512 859 1556 rem
888 1495 1173 1572 perpetui
1202 1497 1646 1573 praecipuique
1674 1500 2351 1576 timoris,'supplemen-

323 1589 360 1644 3
387 1587 544 1653 tum,
590 1579 728 1640 sine
764 1580 1174 1656 trepidatione
1202 1581 1479 1644 delectus
1524 1582 1852 1657 providete
1897 1583 1964 1645 Si
1991 1591 2096 1644 aut
2134 1591 2353 1645 natura

387 1663 616 1739 patitur
636 1671 742 1725 aut
770 1664 1165 1726 mediocritas
1192 1663 1412 1740 recipit
1438 1665 1781 1743 hominum,
1813 1668 2013 1738 audeo
2045 1675 2184 1728 cum
2214 1666 2351 1740 deis

388 1750 592 1843 queri.
577 1769 593 1786 ·
627 1748 777 1824 quid
804 1748 905 1809 hic
933 1748 1183 1821 meruit,
1216 1748 1479 1824 primum
1508 1758 1576 1810 ut
1604 1752 1904 1818 scelerata
1929 1752 2166 1812 Drusus
2193 1750 2349 1814 Libo

385 1830 565 1893 iniret
601 1831 907 1893 consilia?
967 1831 1195 1893 deinde
1234 1840 1301 1894 ut
1342 1832 1557 1896 Silium
1596 1833 2007 1911 Pisonemque
2046 1843 2172 1898 tam
2217 1833 2354 1912 [sibi

385 1933 563 1991 quam
584 1919 827 1993 patriae
852 1917 1099 1991 infestos
1124 1917 1394 1990 haberet,
1428 1923 1696 1992 quorum]
1721 1918 1972 1979 alterius
1995 1917 2350 2003 dignitatem

385 1999 727 2073 constituit,
783 2000 955 2062 auxit
1009 1999 1302 2061 alterius?
1360 2009 1428 2061 ut
1462 2001 1558 2061 ad
1612 2002 1844 2062 maiora
1893 2001 2350 2076 transcendam,

386 2099 758 2158 quamquam
792 2092 853 2144 et
880 2083 1035 2143 haec
1075 2084 1180 2144 ille
1209 2082 1385 2145 duxit
1418 2085 1708 2158 maxima,
1750 2084 1932 2159 quid,
1978 2092 2046 2147 ut
2085 2086 2348 2145 iuvenes

317 2175 351 2226 4
382 2167 683 2227 amitteret
718 2165 927 2227 filios?
986 2166 1167 2241 quid,
1207 2175 1273 2228 ut
1306 2178 1596 2243 nepotem
1637 2185 1714 2229 ex
1756 2170 1959 2231 Druso
2002 2175 2162 2231 suo?
2221 2167 2346 2228 Do-

382 2237 567 2327 lenda
598 2249 798 2310 adhuc
838 2251 1188 2322 retulimus,
1232 2250 1600 2313 veniendum
1640 2253 1719 2313 ad
1758 2252 2187 2315 erubescenda
2216 2259 2346 2314 est·

385 2324 628 2407 quantis
680 2334 800 2395 hoc
852 2333 1206 2409 triennium,
1269 2335 1363 2394 M.
1398 2336 1631 2410 Vinici,
1683 2336 2002 2399 doloribus
2054 2334 2348 2397 laceravit

381 2416 648 2478 animum
679 2419 813 2479 eius
828 2424 859 2476 ’ἐ
892 2435 1076 2494 quam
1107 2418 1212 2479 diu
1239 2419 1559 2494 abstruse,
1596 2420 1766 2495 quod
1793 2419 2197 2483 miserrimum
2228 2426 2343 2493 est,

379 2511 597 2577 pectus
641 2502 775 2563 eius
820 2499 1101 2578 flag-ravit
1140 2501 1460 2578 incendio,
1504 2505 1674 2579 quod
1714 2520 1795 2565 ex
1832 2520 2016 2579 nuru,
2059 2503 2229 2579 quod
2260 2515 2345 2563 ex

316 2601 350 2652 5
380 2593 605 2662 nepote
634 2586 878 2659 dolere,
922 2585 1256 2661 indignari,
1297 2588 1665 2649 erubescere
1696 2597 1948 2666 coactus
1978 2595 2107 2652 estt
2155 2585 2343 2647 Cuius

377 2670 673 2746 temporis
703 2669 1143 2767 aegritudinem
1172 2672 1344 2731 auxit
1371 2672 1602 2732 amissa
1622 2680 1832 2746 mater,
1862 2669 2346 2738 eminentissima

378 2762 441 2814 et
468 2767 580 2828 per
610 2752 814 2814 omnia
839 2753 977 2815 deis
1010 2771 1194 2850 quam
1222 2754 1574 2817 hominibus
1604 2755 1862 2817 similior
1874 2756 2130 2838 femina,
2162 2754 2341 2815 cuius

375 2835 711 2911 potentiam
739 2854 933 2899 nemo
989 2837 1183 2899 sensit
1236 2838 1356 2899 nisi
1418 2848 1525 2901 aut
1576 2839 1882 2901 levatione
1931 2837 2186 2916 periculi
2236 2845 2342 2897 aut

331 2917 745 2982 'accessione
774 2919 1106 3000 dignitatis.

315 3015 343 3067 l
545 3003 796 3065 CXXXI
856 3007 1021 3067 Voto
1063 3004 1400 3067 finiendum
1431 3008 1718 3069 volumen
1761 3005 1856 3067 sit.
1917 3006 2192 3082 luppiter
2228 2953 2347 3064 (Βειζ

383 3086 668 3163 pitoline,
726 3096 787 3149 et
832 3098 1044 3150 auctor
1095 3105 1168 3149 ac
1217 3098 1412 3153 stator
1457 3090 1719 3153 Romani
1769 3090 2034 3153 nominis
2078 3087 2341 3150 Gradive

379 3171 576 3246 Mars,
605 3180 1167 3250 perpetuorumque
1198 3182 1411 3236 custos
1437 3176 1631 3238 Vesta
1661 3173 1892 3250 ignium
1907 3218 1922 3247 ‚
1950 3182 2016 3234 et
2043 3168 2339 3253 quicquid

374 3255 689 3320 numinum
743 3256 902 3319 hanc
939 3256 1202 3318 Romani
1252 3257 1470 3334 imperi
1514 3258 1739 3320 molem
1787 3256 1849 3317 in
1892 3254 2339 3333 amplissimum

373 3349 671 3403 terrarum
711 3341 878 3402 orbis
920 3339 1228 3416 fastigium
1267 3341 1511 3415 extulit,
1572 3357 1689 3402 vos
1736 3338 1984 3417 publica
2026 3355 2182 3401 voce
2227 3340 2339 3399 ob-

372 3432 565 3487 testor
608 3434 792 3503 atque
833 3440 1083 3501 precor,
1131 3426 1466 3500 custodite,
1511 3433 1782 3497 servate,
1828 3422 2131 3500 protegite
2172 3423 2340 3484 hune
