2634 3909
439 204 526 277 20
962 203 1055 270 M..
1087 200 1368 270 VELLEI
1409 199 1834 270 PATERGULI
1953 253 1960 262 ἦ

380 368 416 421 2
443 356 695 434 proprie
734 354 1143 429 eloquentiae
1158 352 1407 422 ηοωίιιο
1446 351 1743 422 celebrior
1788 352 1914 420 fuit.
1987 352 2171 423 clane„
2199 352 2386 449 stiam

445 456 556 516 per
584 439 744 499 idem
772 436 910 498 aevi
936 437 1203 512 spatium
1231 437 1404 498 fuere
1428 435 1670 510 ingenia
1697 436 1758 498 in
1787 433 2022 511 togatis
2036 436 2281 509 Afrani,
2320 435 2385 502 in

328 591 333 602 ,
442 521 774 600 tragoediis
790 520 1029 584 Pacuvi
1068 526 1252 595 atque
1277 520 1466 593 Acci,
1500 520 1808 593 usquein
1817 519 2187 588 Graecorum
2204 520 2385 595 inge·

445 608 681 668 nicrum
705 605 1215 679 comparationem
1240 604 1871 678 ,evecti-magnumque
1892 602 2049 666 inter
2069 602 2227 670 hos
2209 619 2385 680 ipsos

447 690 724 751 facientis
755 688 926 762 operi
956 703 1072 748 suo
1100 689 1333 758 locum,
1362 687 1519 748 adeo
1551 684 1827 760 quidem,
1855 693 1922 746 ut
1949 686 2012 745 in
2040 685 2157 756 illis
2187 686 2384 759 limae,

383 777 420 830 3
448 775 508 834 in
543 772 672 834 hoc
710 786 907 846 paene
949 771 1084 845 plus
1112 770 1393 832 videatur
1422 769 1614 834 ruisse
1641 769 1977 843 sanguinis.
2042 769 2292 832 Celebre
2326 777 2390 832 et

444 855 636 916 Lucili
676 869 897 920 nomen
940 852 1080 926 fuit,
1139 851 1244 929 qui
1284 853 1401 913 sub
1440 851 1652 914 Publio
1694 853 1981 914 Africano
2022 853 2387 918 Numantino

445 941 606 1000 bello
635 952 829 1012 eques
858 936 1233 1011 militaverat;
1272 952 1397 1010 quo
1423 935 1670 1011 quidem
1693 942 1969 1010 tempore
1996 936 2247 998 iuvenes
2277 933 2388 997 ad·

446 1023 567 1083 huc
595 1020 884 1096 Iugurtha
908 1035 984 1081 ac
1009 1021 1238 1081 Marius
1269 1019 1386 1080 sub
1414 1019 1635 1080 eodem
1660 1018 1947 1090 Africano
1974 1018 2389 1090 militantesin

447 1106 666 1168 iisdem
694 1104 909 1165 castris
941 1104 1226 1177 didicere,
1258 1118 1423 1177 quae
1435 1109 1657 1177 postea
1676 1099 2078 1172 insonti-ariis
2102 1104 2387 1172 facerent.

383 1200 419 1251 4
444 1189 846 1258 Historiarum
887 1194 1097 1248 auctor
1145 1187 1265 1248 iam
1309 1192 1432 1246 tum
1476 1185 1737 1252 Sisenna
1777 1193 1909 1247 erat
1942 1184 2224 1256 iuveni&
2273 1188 2387 1247 sed

452 1287 611 1346 opus
639 1271 782 1331 belli
808 1270 1005 1332 civilis
1032 1269 1392 1345 Sullanique
1421 1276 1565 1343 post
1591 1270 1822 1343 aliquot
1849 1285 2045 1335 annos
2076 1269 2154 1330 ab
2183 1285 2257 1332 eo
2285 1285 2387 1332 se-.

448 1355 621 1415 niore
649 1354 876 1414 editum
904 1361 1017 1414 est.
1065 1353 1380 1422 vetustior
1403 1351 1663 1414 Sisenna
1689 1353 1798 1413 fuit
1827 1353 2083 1426 caelius,
2114 1353 2389 1429 aequalis

454 1437 753 1499 Sisennae
792 1435 1052 1504 Rutilius
1093 1435 1503 1511 Claudiusque
1544 1436 1979 1513 Quadrigarius
2015 1443 2076 1500 et
2105 1436 2391 1504 Valerius

387 1534 421 1584 5
449 1521 686 1581 Antias.
751 1519 913 1581 Sane
955 1536 1078 1580 non
1116 1520 1466 1596 ignoremus
1507 1520 1726 1582 eadem
1744 1527 1984 1588 aetate
1978 1520 2189 1580 fuisse
2214 1518 2389 1579 Pom·

450 1604 703 1681 ponium
732 1603 1020 1680 sensibus
1049 1601 1380 1680 celebrem,
1417 1604 1622 1674 verbis
1651 1602 1893 1677 rudem,
1925 1611 1985 1668 et
2011 1603 2273 1666 novitate
2298 1601 2391 1664 in-

447 1690 614 1749 venti
641 1706 679 1748 a
708 1704 778 1748 se
809 1687 1014 1770 operis
1046 1649 1603 1759 commendabilem.

393 1786 422 1835 1
617 1771 689 1831 X
733 1765 1458 1846 Prosequamurmotam]
1471 1770 1853 1847 severitatem
1876 1784 2200 1832 censorum
2217 1769 2394 1828 Cassi

449 1855 707 1929 Longini
731 1852 1197 1929 Caepionisque,
1224 1853 1336 1928 qui
1363 1853 1584 1916 abhinc
1611 1868 1807 1922 anuos
1836 1859 2073 1914 centum
2096 1851 2395 1928 quinqua-

448 1938 619 2013 ginta
644 1938 753 1998 tris
781 1937 1078 2011 Lepidum
1105 1936 1427 1998 Aemilium
1454 1952 1774 2011 augurem,
1814 1937 1982 2013 quod
2009 1950 2124 1996 sex
2149 1934 2395 2002 milibus

452 2020 573 2081 HS.
605 2020 776 2086 aedis
808 2019 1233 2093 conduxisset,
1262 2019 1486 2080 adesse
1513 2019 1856 2090 iusserunt,
1890 2025 1953 2079 at
1978 2034 2138 2080 nunc
2163 2020 2221 2082 si
2251 2019 2395 2100 quis

329 2151 337 2160 .
445 2104 595 2174 tanti
633 2102 890 2175 habitet,
943 2102 1043 2162 vix
1081 2109 1149 2164 ut
1190 2083 1438 2174 senator
1474 2102 1855 2177 agnoscitur=
1908 2103 2065 2166 adeo
2095 2112 2328 2164 mature
2354 2118 2418 2161 a1

452 2186 635 2248 rectis
659 2185 741 2263 [in
763 2185 909 2244 vitia
928 2185 1113 2258 vitiis]
1143 2185 1207 2244 in
1222 2201 1442 2274 prava,
1475 2202 1513 2246 a
1540 2187 1746 2262 pravis
1780 2187 1843 2258 in
1870 2185 2227 2264 praecipitia
2249 2202 2395 2262 per·

345 2316 351 2324 .
389 2286 424 2337 2
454 2269 707 2329 venitur.
767 2268 1001 2330 Eodem
1040 2256 1236 2330 tractu
1273 2276 1614 2344 temporum
1651 2277 1713 2331 et
1737 2268 1964 2332 Domiti
1989 2286 2078 2330 ex
2095 2270 2394 2338 Arvernis

453 2359 514 2412 et
532 2352 680 2412 Fabi
711 2367 789 2411 ex
809 2349 1244 2427 Allobrogibus
1273 2353 1530 2414 victoria
1558 2354 1669 2414 fuit
1693 2352 1948 2422 'nobili83
1986 2352 2192 2427 Fabio,
2221 2352 2396 2416 Pauli

452 2433 678 2511 nepoti,
709 2450 789 2495 ex
813 2435 1066 2498 victoria
1097 2452 1435 2511 cognomen
1464 2436 1856 2514 Allobrogico
1885 2436 2155 2516 inditum.
2209 2436 2394 2497 Note—

450 2526 549 2580 tur
567 2515 866 2581 Domitiae
892 2516 1151 2579 familiae
1178 2519 1506 2595 peculiaris
1538 2522 1838 2595 quaedam
1858 2527 1918 2580 et
1947 2526 2010 2579 ut
2036 2509 2397 2596 clarissima,

451 2603 536 2663 ita
570 2609 762 2662 artata
790 2617 1040 2663 numero
1072 2603 1349 2665 felicitas.
1412 2602 1662 2679 Septem
1701 2611 1840 2668 ante
1879 2603 2041 2664 hunc
2083 2602 2394 2668 nobilissi-

451 2701 589 2746 mae
630 2686 1029 2762 simplicitatis
1070 2687 1355 2750 iuvenem
1396 2687 1500 2747 Cn.
1540 2675 1867 2748 Domitium
1915 2687 2084 2747 fuere
2134 2686 2395 2761 singulis

452 2771 700 2834 omnino
746 2768 1099 2845 parentibus
1126 2772 1345 2845 geniti,
1392 2771 1505 2831 sed
1534 2786 1743 2831 omnes
1773 2771 1854 2831 ad
1883 2772 2261 2844 consulatum
2291 2786 2394 2830 sa-

452 2853 876 2929 cerdotiaque,
927 2853 1008 2916 ad
1044 2853 1331 2930 triumphi
1371 2861 1570 2922 autem
1610 2869 1810 2929 paene
1835 2870 2050 2914 omnes
2092 2869 2403 2933 pervene·,

449 2943 589 2995 runt
614 2937 894 3013 insignia.

385 3027 419 3080 1
613 3020 712 3086 XI.
767 3022 1002 3084 Bellum
1043 3019 1266 3081 deinde
1301 3020 1718 3094 Iugurthinum
1759 3027 1999 3096 gestum
2035 3028 2132 3081 est
2171 3036 2281 3097 per
2321 3019 2396 3093 Q.

448 3102 783 3175 Metellum,
827 3105 973 3164 nulli
1002 3105 1339 3166 secundum
1370 3105 1560 3166 seculi
1592 3105 1705 3164 sui.
1769 3099 1963 3165 Huius
2003 3106 2240 3180 legatus
2280 3102 2402 3166 fuit

449 3188 511 3247 C.
543 3188 803 3259 MariuS,
847 3201 1025 3262 quem
1053 3187 1497 3263 praediximuS‚
1525 3195 1704 3248 natus
1735 3190 1957 3263 agresti
1987 3190 2155 3263 loco,
2197 3187 2398 3248 hirtus

449 3279 633 3346 atque
661 3271 946 3332 horridus
975 3274 1223 3348 vitaque
1251 3279 1528 3342 sanctuS,
1584 3279 1875 3347 quantum
1914 3271 2075 3335 bello
2107 3272 2398 3346 optimuS,

445 3362 676 3416 tantum
707 3370 860 3430 pace
888 3356 1223 3430 p'essimuS,
1266 3354 1628 3416 immodicus
1657 3356 1917 3432 gloriae,
1962 3354 2398 3433 [insatiabilis‚]

384 3444 420 3498 2
449 3439 770 3515 impotenS,
794 3453 1164 3515 semperque
1183 3438 1512 3515 inquietus.
1555 3440 1668 3500 Hic
1690 3455 1801 3516 per
1818 3439 2182 3518 publicanos
2206 3438 2399 3502 alios-
