2634 3909
280 2767 294 2870 um

317 210 382 247 vx
710 181 717 187 ’
849 159 1851 274 FRID.HsAASuPRAEFATIOe

323 331 498 380 simam
544 327 609 377 ad
654 327 990 378 emendandos
1025 327 1204 376 Velleii
1248 327 1401 377 libros
1439 327 1685 392 prolatum
1717 336 1815 386 est,
1866 342 2216 394 cognoscerem
2252 337 2300 379 et
2331 332 2382 384 in

314 395 470 446 *huius
505 395 735 444 editionis
769 394 1029 443 utilitatem
1060 401 1423 453 converterem3
1459 410 1583 444 usus
1619 396 1763 443 etiam
1798 398 1911 443 sum
1946 395 2139 445 schedis
2163 396 2384 446 Linden-

322 462 572 524 brogianis
589 497 602 520 ,
634 462 688 510 in
713 462 892 524 quibus
930 469 1092 510 tamen
1117 476 1246 524 quae
1267 462 1334 513 ad
1358 462 1749 511 emendationem
1772 469 2021 526 spectant,
2057 462 2206 512 hodie
2236 479 2385 513 usum

324 529 515 578 nullum
559 527 757 577 habent.
827 528 1085 577 Praeterea
1128 530 1291 592 capita
1327 543 1596 592 eorumque
1630 537 1795 592 partes
1831 542 2201 592 nonnumquam
2233 531 2383 595 paulo

324 596 464 645 aliter
496 595 703 645 distinxi
738 608 886 657 quam
917 594 1079 648 adhuc
1114 594 1299 644 factum
1349 604 1478 653 erat,
1526 596 1611 645 ubi
1645 611 1809 644 rerum
1841 597 2203 659 verborumque
2235 598 2382 646 intel-

314 662 563 728 *lectus‘eo
588 662 918 710 modo-iuvari
940 676 1093 726 posse
1115 661 1399 721 videbatur3
1441 662 1653 725 denique
1688 662 1901 712 indicem
1934 663 2091 714 adieci
2117 661 2222 712 ‘non
2247 664 2386 712 illum

323 724 522 792 quidem
557 729 705 793 plane
738 743 924 777 novum
959 729 1049 777 sed
1084 737 1248 779 tamen
1285 744 1369 787 eo,
1420 730 1504 791 qui
1550 728 1712 778 adhuc
1755 729 2074 793 vulgabatur,
2123 740 2177 779 ut
2221 732 2386 786 verbis

315 797 622 854 breviorem,
672 796 741 844 ita
760 796 920 848 rebus
955 794 1108 845 multo
1144 796 1518 861 locupletiorem
1550 803 1598 844 et
1631 796 1825 845 mendis
1858 805 2139 866 purgatum.

459 896 741 946 Scribebam
763 894 1089 944 Vratislaviae
1112 910 1285 965 mense
1307 896 1437 945 Maio
1462 908 1507 943 a.
1532 894 1829 946 MDCCGLI.

2237 856 2263 880 t.

1176 1098 1539 1111 ...ο-ὴ...-

458 1263 659 1313 Frustra
683 1262 877 1328 speravi
903 1264 1057 1311 otium
1081 1262 1200 1311 mihi
1224 1276 1254 1310 a
1275 1261 1544 1313 Velleianis
1570 1261 1746 1312 studiis
1772 1275 2064 1314 concessum
2090 1269 2224 1330 esse3
2261 1279 2415 1327 qnae-

329 1331 555 1393 quotiens
600 1331 988 1387 retractaverim,
1040 1330 1336 1390 documento
1385 1338 1500 1378 sunt
1538 1343 1619 1388 ea,
1671 1342 1797 1392 quae
1831 1330 1927 1378 iam
1964 1331 2079 1379 olim
2111 1332 2163 1381 in
2197 1332 2388 1382 diurnis

325 1397 620 1446 Halensibus
656 1398 832 1464 scripsi
856 1396 918 1445 de'
943 1397 1187 1447 Orelliana
1221 1405 1268 1446 et
1302 1398 1652 1460 Kreyssigiana
1686 1395 2004 1455 editionibuS‚
2043 1398 2105 1446 de
2138 1398 2388 1448 Laurentii

328 1463 448 1512 locis
472 1464 749 1526 Halmiique
774 1463 1197 1513 emendationibus
1222 1464 1492 1513 Velleianis
1518 1471 1569 1511 et
1590 1464 1660 1511 de·
1677 1462 1974 1527 Schoepferi,
1990 1465 2388 1515 adnotationibus

328 1531 533 1588 criticis;
569 1530 666 1579 alia
690 1531 870 1579 deinde
892 1530 1133 1586 nonnulla
1154 1531 1339 1579 Kritzio
1363 1531 1591 1595 privatim
1614 1530 1952 1594 suppeditavi,
1990 1546 2100 1580 cum
2132 1547 2270 1580 suam
2296 1545 2383 1596 pa—

324 1604 454 1645 raret
487 1596 776 1654 editionem,
824 1596 923 1645 alia
963 1607 1137 1647 rursus
1182 1597 1391 1663 protuli,
1442 1609 1554 1645 cum
1585 1598 1834 1662 perfectae
1868 1597 2096 1646 editionis
2130 1613 2387 1648 censuram

326 1678 523 1727 agerem
558 1666 609 1712 in
644 1665 1045 1713 iisdem’diurnis
1069 1665 1392 1723 Halensibus;
1428 1664 1641 1727 denique
1676 1664 1914 1727 quidquid
1946 1673 2121 1728 postea
2154 1666 2383 1714 emenda-

325 1732 516 1779 tionum
551 1732 815 1781 subnatum
852 1739 980 1790 erat,
1033 1739 1148 1780 ante
1193 1739 1384 1795 septem
1430 1745 1588 1780 annos
1620 1731 1673 1778 in
1709 1729 1803 1777 hac
1837 1730 2051 1779 editione
2084 1733 2384 1796 exprompsi.

310 1798 492 1857 'Quare
522 1812 632 1847 meo
666 1798 786 1846 mihi
819 1799 927 1846 iure
960 1804 1065 1847 tum
1098 1798 1299 1847 videbar
1323 1798 1552 1861 scriptori
1573 1797 1755 1846 totiens
1778 1806 2072 1861 pertractato
2094 1798 2384 1857 valedicere,

330 1866 408 1912 cui
440 1879 531 1928 pro
565 1866 693 1914 virili
725 1873 865 1929 parte
899 1865 1137 1913 auxilium
1170 1864 1422 1922 tulissem,
1456 1878 1548 1912 nec
1584 1865 1693 1912 sine
1725 1864 1887 1912 taedio
1915 1864 1984 1913 ad
2018 1878 2103 1913 eos
2135 1879 2216 1913 me
2250 1864 2387 1914 locos

326 1932 598 1980 rediturum
619 1933 880 1995 putabam,
917 1933 968 1979 in
994 1932 1172 1993 quibus
1199 1930 1520 1979 emendandis
1544 1929 1706 1979 adhuc
1727 1931 1910 1979 fmstra
1934 1931 2259 1989 laborassem3
2296 1947 2382 1980 ne·

330 2011 428 2060 que
450 1995 595 2045 etiam
619 2011 749 2046 nova
781 1998 989 2045 aliorum
1011 2012 1092 2045 me
1124 1997 1401 2045 allexerunt
1433 1998 1619 2055 studia,
1660 2005 1715 2045 ut
1747 1998 1983 2061 pristinas
2016 2012 2158 2047 curas
2189 2008 2383 2063 ¹repete-

328 2079 458 2123 rem3
494 2078 639 2112 nemo
673 2066 803 2112 enim
839 2079 902 2113 ex
932 2064 1017 2112 flio
1051 2072 1273 2129 tempore
1307 2071 1531 2129 repertus
1565 2072 1668 2122 est,
1703 2065 1789 2127 qui
1822 2065 2074 2113 assiduam
2105 2079 2303 2130 operam
2334 2066 2387 2114 in

328 2131 520 2180 Velleio
555 2139 761 2195 poneret
773 2147 789 2189 ;Ἰ
821 2131 968 2195 pauci
992 2145 1105 2179 eum
1128 2147 1157 2180 a
1179 2131 1348 2180 limine
1373 2130 1711 2180 salutaverunt
1733 2143 1889 2180 unum
1919 2131 2190 2182 alterumve
2222 2132 2387 2181 locum

327 2206 641 2262 temptantes.
712 2198 884 2260 Itaque
916 2213 1077 2260 neque
1112 2198 1394 2262 expectanti
1424 2197 1545 2247 mihi
1567 2213 1661 2247 nec
1689 2199 1904 2262 cupienti
1928 2199 2127 2256 accidit,
2163 2206 2219 2246 ut
2241 2213 2383 2263 repe·

327 2265 477 2313 tenda
492 2280 633 2313 nunc
654 2263 778 2313 haec
801 2265 949 2313 editio
975 2270 1133 2323 esset,
1171 2265 1235 2313 ad
1269 2280 1415 2327 quam
1452 2279 1651 2330 operam
1674 2273 1834 2313 totum
1856 2280 1935 2314 me
1959 2266 2250 2329 imparatum
2275 2280 2388 2315 esse

328 2331 583 2389 videbam3
618 2332 819 2395 pigebat
840 2346 959 2380 vero
982 2345 1140 2396 pauca
1163 2339 1211 2379 et
1233 2331 1409 2381 frivola
1432 2331 1678 2395 proferre,
1717 2347 1845 2395 quae
1874 2346 1978 2386 non
2009 2333 2262 2395 ‚quaerenti
2298 2334 2384 2381 ob—

330 2399 427 2447 lata
470 2406 606 2447 erant
620 2433 633 2457 ,
684 2413 776 2447 nec
808 2400 1013 2449 vacabat
1046 2412 1178 2448 nova
1209 2411 1461 2461 quaerere.
1532 2400 1702 2462 Itaque
1748 2413 1906 2447 meam
1951 2399 2168 2462 inopiam
2213 2398 2388 2450 alienis

330 2465 513 2516 divitiis
537 2464 880 2516 consolaturus
904 2466 1088 2514 amicos
1113 2465 1251 2524 adii3·
1274 2480 1368 2514 nec
1390 2465 1599 2523 frustra;
1634 2474 1691 2514 ut
1714 2467 1843 2514 enim
1869 2466 2049 2518 eximia
2072 2465 2185 2514 dote
2208 2480 2389 2516 novam

327 2530 469 2582 hanc·
481 2532 743 2584 editionem
770 2545 945 2582 ornare
967 2546 1170 2596 possem
1185 2567 1198 2590 ,
1233 2531 1420 2581 factum
1443 2541 1518 2581 est
1540 2533 1724 2595 insigni
1748 2532 1984 2581 beneficio
2008 2532 2316 2581 Mommsenii
2342 2541 2390 2581 et

328 2599 611 2662 Bernaysii,
650 2600 735 2662 qui
754 2614 880 2662 quas
903 2600 956 2648 in
979 2606 1211 2663 promptu
1235 2598 1478 2649 habebant
1501 2600 1869 2648 emendationes
1893 2598 2173 2647 Velleianas
2209 2598 2385 2648 libera—

329 2666 441 2716 liter
461 2665 580 2715 mihi
605 2673 983 2726 concesserunt,
1022 2680 1123 2715 non
1158 2665 1267 2715 illas
1293 2666 1492 2729 quidem
1517 2679 1575 2714 ea
1597 2674 1761 2731 mente
1782 2681 1872 2732 per
1893 2666 2139 2727 margines
2171 2680 2386 2729 sparsas.

330 2741 403 2784 ut·
422 2734 655 2782 continuo
687 2734 740 2782 in
774 2733 999 2786 ordinem
1031 2734 1368 2797 reciperentur
1401 2746 1697 2795 morosoque
1720 2746 1777 2796 ac
1803 2725 1969 2780 timido
1996 2732 2166 2784 editori
2193 2732 2385 2784 satisfa-

333 2808 535 2859 cerent,
563 2800 653 2850 sed
676 2814 804 2863 quae
826 2808 990 2849 tamen
1016 2808 1063 2849 et
1085 2799 1493 2849 iucundissimum
1520 2808 1568 2847 et
1589 2799 1908 2848 utilissimum
1930 2799 2079 2846 critici
2102 2799 2286 2861 negotii
2311 2800 2386 2846 in—

334 2875 660 2918 strumentum
682 2868 783 2916 sint
805 2865 1054 2931 huiusque
1077 2867 1304 2915 editionis
1328 2866 1476 2931 plane
1498 2858 1770 2932 τηλαυγὲς
1793 2857 2107 2929 πρόσωπον.
2176 2865 2263 2913 His
2298 2879 2389 2928 ego
2449 2875 2452 2876 ’

333 2934 491 2999 adieci
512 2933 591 3000 yel
615 2948 726 2982 mea
749 2935 990 2998 quaedam
1012 2933 1092 2981 vel
1115 2933 1300 2991 aliena3
1335 2935 1446 3000 ipsa
1478 2947 1592 2980 vero
1616 2932 1793 2982 Velleii
1824 2932 1973 3000 Yerba
2005 2933 2255 2997 rarissime
2279 2947 2387 2980 mu—

332 3001 458 3059 tavi,
503 3001 619 3063 quia
652 3015 748 3052 non
787 3001 923 3049 licuit
959 3001 1123 3049 denuo
1156 3009 1312 3048 totum
1337 2999 1514 3049 librum
1539 2999 1821 3062 diligentius
1848 3007 1895 3047 et
1916 3013 2020 3048 uno
2042 3011 2213 3046 tenore
2238 3013 2388 3047 excu—

331 3076 461 3127 tere,
500 3068 560 3115 de
594 3067 805 3130 singulis
839 3064 1004 3117 autem
1037 3066 1160 3126 locis
1194 3067 1407 3131 sparsim
1430 3065 1689 3115 consilium
1714 3080 1889 3131 capere
1910 3080 2086 3130 parum
2110 3065 2388 3114 considera·

332 3142 437 3183 tum
460 3134 743 3183 videbatur:
2191 3133 2206 3146 ‘
2367 3161 2368 3164 =

466 3200 540 3250 De
562 3200 750 3249 Velleio
789 3200 987 3262 quidem
1022 3201 1134 3263 ipso
1169 3198 1288 3262 quid
1323 3199 1557 3257 sentiam,
1595 3197 1697 3246 dixi
1732 3198 1784 3247 in
1823 3198 2011 3247 diurnis
2034 3196 2143 3246 Hal.
2169 3210 2215 3246 a.
2245 3194 2391 3246 1841.

333 3264 426 3316 No.
457 3266 568 3317 197.
618 3282 707 3316 nec
744 3276 998 3331 praeterea
1034 3266 1191 3315 habeo
1230 3281 1357 3329 quae
1390 3275 1504 3330 post
1529 3264 1804 3330 Sauppium
1826 3266 2162 3326 Kritziumque
2194 3263 2391 3322 addam,

334 3335 429 3383 nisi
467 3333 600 3397 quod
630 3336 879 3383 mentione
904 3334 1084 3398 dignus
1109 3333 1304 3382 videtur
1328 3333 1384 3383 L.
1411 3332 1631 3382 Velleius
1655 3332 1968 3391 PaterculuS,
2007 3332 2090 3396 qui
2120 3345 2170 3402 p.
2200 3329 2312 3382 chr.
2340 3345 2392 3381 n.
