2634 3909
706 153 1124 270 ιιιειοιιιΑιι
1165 150 1552 236 ROMANAE
1596 170 1679 243 11,
1726 178 1843 233 ιιι.
2176 170 2260 234 oe

299 322 556 397 originis
604 340 807 399 usque
853 324 933 384 ad
979 332 1221 385 sextum
1261 323 1649 384 consulamm
1700 319 1841 382 sine
1878 322 2258 385 dubitatione

297 408 558 468 Romani
583 407 849 476 nominis
876 407 1150 468 habuere
1177 405 1516 484 principem
1531 452 1548 480 ,
1576 412 1639 467 et
1669 404 1775 482 qui
1801 405 1884 467 Μ.
1905 406 2100 468 Tullio
2130 416 2259 469 tan-

295 497 427 553 tum
466 492 734 558 tribuere
750 538 765 566 ‚
820 489 887 552 ιιι
925 489 1127 567 paene
1173 489 1604 552 adsentatione
1645 505 1762 551 sua
1809 489 2034 566 quibus
2077 493 2262 552 vellet

296 574 679 651 principatus
722 573 1077 637 conciliaret
1091 573 1576 662 ,quique‘nihil
1600 572 1824 636 Asinio
1848 573 2114 636 Pollioni
2154 592 2257 636 ne·

296 659 624 735 gaverunt,
667 659 839 736 quod
866 656 1265 724 nobilissimis
1308 657 1546 720 summo
1586 673 1725 719 cum
1766 657 2005 720 sudore
2038 675 2260 720 conse

300 744 611 840 quendum
640 744 827 815 foret,
874 743 1153 818 profecto
1191 742 1312 803 hoc
1345 750 1700 818 senserunt,
1739 740 1802 802 in
1832 742 2258 818 cuiuscunque

296 826 501 887 animo
532 829 727 888 virtus
755 827 1009 898 inesset,
1040 826 1098 886 ei
1119 826 1445 901 plurimum
1466 840 1613 887 esse
1628 825 2044 888 tribuendum.
2070 828 2258 889 Haec
2286 832 2321 888 8

296 911 592 974 naturalis
619 909 885 986 exempli
927 910 1177 974 imitatio
1208 911 1289 970 ad
1321 909 1792 1008 experiendum
1793 910 2080 973 Seianum
2110 912 2256 973 Cae-

298 1009 533 1067 sarem,
580 985 659 1055 ad
690 989 962 1056 iuvanda
986 1009 1136 1056 vero
1171 1009 1367 1058 onera
1390 992 1692 1070 principis
1728 981 2018 1056 Seianum
2045 1005 2255 1071 protu-

296 1075 394 1152 tit,
448 1088 851 1177 senatumque
893 1088 954 1141 et
995 1081 1298 1156 populum
1323 1080 1667 1142 Romanum
1701 1095 1777 1139 eo
1818 1079 2137 1154 perduxit,
2190 1089 2258 1150 ut

299 1157 470 1238 qued
509 1177 632 1224 usu
668 1162 963 1250 optimum
1010 1163 1349 1240 intellegit,
1385 1162 1450 1226 id
1499 1162 1593 1223 in.
1598 1164 1882 1268 tutelam
1911 1164 2255 1269 securitatis

296 1260 449 1377 suae
477 1245 736 1308 libenter
766 1243 1049 1309 advocet.

449 1325 718 1391 CXXIX.
794 1331 920 1391 Sed
954 1328 1283 1407 proposita
1316 1332 1495 1407 quasi
1537 1331 1829 1392 universa
1874 1283 2254 1408 principatus
2288 1340 2317 1391 1

292 1414 384 1473 tn.
403 1413 694 1475 Caesaris
733 1416 960 1489 forma
983 1415 1223 1490 singula
1266 1430 1721 1476 recenseamus
1793 1415 1925 1490 Qua
1963 1415 2065 1478 ille
2112 1432 2254 1492 pru-

295 1496 504 1558 dentia
531 1491 1003 1594 Rhascupolim,
1031 1498 1539 1575 interemptorem
1567 1498 1769 1568 fratris
1794 1500 1897 1561 sui
1924 1500 2013 1560 fili
2042 1500 2254 1579 Cotyis

296 1577 732 1678 consertisque
774 1581 1049 1642 eiusdem
1087 1581 1336 1658 imperi,
1384 1582 1636 1643 Romam
1674 1583 2019 1646 evocavit?
2046 1583 2255 1660 singu

294 1659 408 1726 lari
435 1665 499 1725 in
529 1681 605 1727 eo
634 1664 883 1762 negotio
909 1682 1063 1727 usus
1095 1661 1289 1743 opera
1314 1663 1520 1727 Flacci
1545 1666 1874 1742 Pomponi,
1912 1668 2255 1732 consularis

296 1747 436 1824 viri,
462 1751 606 1809 nati
613 1750 698 1809 ad
724 1749 944 1824 omnia,
977 1765 1134 1838 qnae
1161 1757 1330 1810 recte
1358 1749 1640 1811 facienda
1664 1759 1839 1823 sunt,
1870 1743 2255 1827 simplicique

295 1833 552 1896 virtute
572 1833 862 1895 merentis
917 1831 1192 1910 semper,
1247 1849 1569 1910 nunquam
1624 1834 1959 1909 captantis
1979 1835 2255 1910 gloriam.

296 1918 447 1978 Cum
488 1913 716 1993 quanta
756 1917 1051 1993 gravitate
1087 1926 1157 1979 ιιι
1185 1926 1436 1979 senator
1466 1927 1526 1979 et
1560 1917 1784 1991 iudex,
1825 1935 1951 1979 non
1991 1928 2060 1984 ut
2092 1920 2258 1994 prin-
2283 1928 2318 1981 2

296 2001 479 2077 ceps,
524 2008 606 2076 [et
640 2004 717 2063 de
745 2004 921 2064 rebus
954 2003 1206 2078 publicis
1229 2005 1534 2080 sapienter
1571 1999 1884 2083 censuum]
1926 2009 1989 2064 et
2026 2015 2255 2064 causas

293 2084 571 2161 pressius
601 2083 818 2146 audit?
854 2086 1044 2160 Quam
1073 2088 1355 2148 celeriter
1380 2085 1682 2163 ingratum
1711 2094 1773 2148 et
1807 2103 1972 2148 nova
1996 2086 2253 2154 molien-

292 2179 415 2231 tem
459 2170 743 2247 [Drusum
768 2170 1066 2248 Libonem]
1098 2169 1456 2247 oppressit?
1497 2169 1729 2245 Quibus
1768 2170 2119 2247 praeceptis
2162 2171 2250 2230 in-

294 2249 610 2314 structum
609 2253 1045 2314 Germanicum
1080 2269 1256 2314 suum
1291 2254 1708 2329 imbutumque
1746 2251 2109 2317 rudimentis
2143 2254 2251 2314 mi-

292 2329 457 2397 litiae
494 2351 705 2398 secum
732 2335 910 2397 actae
939 2336 1303 2399 domitorem
1330 2338 1565 2415 recepit
1589 2338 1990 2399 Germaniae?
2019 2337 2257 2412 Quibus

289 2417 761 2491 iuventamfeius
775 2419 1195 2497 exaggeravit
1231 2421 1602 2497 honoribuS,
1641 2423 2059 2498 respondente
2088 2422 2257 2482 cultu

289 2505 579 2592 ιιιιιιιιριιι
620 2519 826 2568 rerum
842 2549 860 2580 ,
911 2521 1067 2580 quas
1107 2515 1417 2581 gesserat,
1460 2503 1905 2583 magnitudini?
1961 2505 2255 2579 Quotiens
2283 2512 2318 2567 3

291 2588 592 2665 populum
642 2587 975 2665 congiariis
1029 2589 1385 2664 honoravit,
1447 2589 1925 2678 senatorumque
1974 2605 2253 2662 censum,

292 2685 433 2733 cum
471 2671 536 2733 id
566 2669 785 2734 senatu
825 2683 1076 2734 auctore
1106 2676 1312 2735 facere
1351 2675 1591 2750 potuit,
1623 2669 1808 2752 quam
1847 2673 2106 2734 libenter
2147 2689 2255 2733 ex

289 2757 511 2833 plevit,
553 2765 622 2817 ut
639 2771 848 2836 neque
876 2755 1178 2818 luxuriam
1206 2757 1488 2821 invitaret
1516 2757 1721 2833 neque
1749 2755 2072 2819 honestam
2100 2774 2261 2834 pan·¹

290 2835 604 2915 pertatem
615 2848 921 2915 pateretur
942 2838 1233 2918 dignitate
1265 2837 1559 2903 destitui?
1596 2842 1841 2917 Quanto
1855 2857 1993 2903 oum
2016 2842 2300 2904 honore·

291 2921 718 2983 Germanicum
739 2941 917 3010 suum
944 2928 1006 2985 in
1030 2924 1469 3006 transmarinas
1493 2926 1656 2987 misit
1680 2925 2081 3001 provincias?
2120 2927 2255 3002 Qua
2280 2927 2317 2982 4

286 3008 351 3066 ιι
389 3001 783 3068 consiliorum
812 3003 1093 3082 suorum,
1137 3007 1414 3071 ministro
1456 3009 1521 3071 et
1559 3010 1838 3072 adiutore
1869 3025 2023 3072 usus
2048 3011 2248 3072 Druso

286 3090 440 3152 filio
450 3103 600 3163 sno,
641 3087 1117 3173 Maroboduum,
1159 3092 1576 3154 inhaerentem
1606 3094 1890 3169 occupati
1915 3094 2091 3171 regni
2116 3093 2251 3154 finl-

286 3169 444 3250 buS,
483 3181 647 3251 pace
677 3173 1016 3237 maiestatis
1046 3175 1178 3239 cius
1211 3177 1498 3248 dixerim,
1548 3178 1716 3247 velut
1754 3189 2133 3269 serpentem
2144 3176 2249 3235 ab—

288 3253 560 3320 strusam
600 3268 798 3321 terrae
837 3259 1189 3326 salubribus
1234 3260 1629 3328 consiliorum
1680 3262 1932 3323 suorum
1985 3257 2251 3321 medica·

289 3345 513 3404 mentis
544 3341 747 3419 coegit
774 3341 1030 3420 egredi?
1065 3361 1246 3421 quam
1273 3345 1441 3406 illum
1472 3352 1533 3405 et
1559 3344 1858 3406 honorate
1876 3360 2003 3404 nec
2032 3358 2251 3403 secure

293 3425 908 3502 continethuantae
929 3429 1109 3489 molis
1141 3430 1365 3490 bellum
1393 3428 1673 3506 principe
1697 3428 2024 3489 Galliarum
2053 3425 2259 3488 ciente
2279 3434 2313 3485 5
