2634 3909
679 155 1093 268 ms‘roamu
1113 180 1533 294 ROMANAE
1558 181 1640 253 ιι,
1670 188 1768 254 24.
1798 189 1884 242 ιε»
2156 179 2253 255 23,
2358 225 2367 236 ι

313 389 320 400 .
470 333 690 396 XXIV..
747 332 832 394 C.
845 331 1106 400 Flavius
1134 291 1428 405 Fimbria,
1463 332 1571 408 qui
1596 332 1943 407 praefectus
1971 332 2245 407 equitum
2265 341 2294 392 1

304 399 444 494 ante
456 417 783 495 adventum
797 414 1002 478 Sullae
1014 413 1617 492 ValeriumFlaccum
1626 416 2026 493 consularem
2050 416 2245 476 virum

305 483 715 580 interfecerat,
758 497 1158 576 exercituque
1189 489 1489 574 occupato
1532 489 1862 573 imperator
1901 500 2291 575 appellatus

307 584 447 666 forti
469 573 848 646 Mithridaten
881 585 1210 660 pepulerat
1221 583 1489 663 proelio,
1520 582 1635 646 sub
1659 583 1921 646 adventu
1945 582 2150 643 Sullae
2176 597 2246 642 se

305 661 444 744 ipse
469 666 796 740 interemit,
826 667 1220 746 adulescens,
1252 682 1412 744 quae
1437 666 1705 744 pessime
1727 682 1915 726 ausus
1938 672 2095 738 erat,
2125 666 2244 727 for-

305 752 441 817 titer
468 757 819 816 exsecutus
888 749 1122 812 Eodem
1161 766 1324 816 anno
1353 748 1419 808 P.
1446 749 1686 822 Laenas
1728 750 2005 814 tribunus
2046 748 2303 825 plebis2

308 835 450 902 Sex.
477 834 775 902 Lucilium
801 832 909 908 qui
939 832 1047 916 [ιιι]
1080 831 1286 907 priore
1314 849 1474 896 anno
1507 832 1782 895 tribunus
1813 833 2010 910 plebis
2035 833 2259 904 tuerat,

307 934 461 980 saxo
490 917 754 991 Tarpeio
790 907 1038 989 deiecit,
1078 923 1141 977 et
1177 933 1314 994 cum
1346 917 1618 992 collegae
1659 916 1792 988 eius
1804 918 2057 1013 quibus
2087 916 2246 976 diem

308 1003 576 1073 dixerat,
620 1008 783 1062 metu
824 1001 904 1084 ad
921 997 1161 1061 Sullam
1204 987 1650 1097 profugissent,
1692 1016 1855 1076 aqua
1897 1000 2143 1076 ignique
2171 997 2246 1060 iis

308 1084 631 1147 interdixit.
695 1074 858 1144 Τιιιιι
870 1081 1038 1152 sulla
1055 1083 1424 1180 ‘compositis
1454 1083 1871 1152 transmarinis
1900 1084 2082 1146 rebus
2113 1098 2249 1162 cum
2271 1089 2307 1141 3

308 1168 388 1228 ad
434 1184 572 1229 eum
600 1168 864 1264 primum
910 1168 1175 1230 omnium
1213 1168 1628 1232 Romanorum
1676 1166 1860 1242 legati
1893 1166 2250 1228 Parthorum

311 1252 624 1314 venissent
650 1259 710 1313 et
737 1251 797 1312 in
823 1249 901 1312 iis
927 1251 1176 1326 quidam
1204 1250 1367 1327 magi
1392 1267 1472 1310 ex
1501 1251 1662 1312 notis
1687 1249 1965 1325 corporis
1988 1266 2245 1327 respon-

307 1336 545 1410 dissent
566 1336 895 1397 coelestem
917 1334 1050 1395 eius
1070 1335 1269 1398 vitam
1276 1342 1337 1398 et
1366 1335 1737 1402 memoriam
1752 1336 2045 1414 futuram,
2075 1350 2247 1396 reve-

273 1489 278 1499 ,
310 1428 444 1482 ctus
473 1419 535 1479 in
563 1418 793 1479 Italiam
820 1416 986 1480 haud
1016 1403 1193 1492 plura
1222 1435 1404 1495 quam
1430 1418 1672 1515 triginta
1698 1380 2065 1482 armatorum
2091 1416 2253 1477 milia

309 1504 635 1563 adversum
664 1502 928 1561 ducenta
953 1499 1116 1564 milia
1152 1501 1413 1578 amplius
1455 1500 1719 1564 hostium
1748 1489 2033 1577 exposuit
2056 1501 2256 1564 Brun

311 1587 471 1662 dusi.
526 1584 649 1644 Vix
691 1584 1013 1659 quicquam
1042 1584 1105 1643 ιιι
1136 1582 1343 1665 Sullae
1385 1586 1674 1659 operibus
1708 1585 1928 1645 clarius
1959 1584 2253 1657 duxerim,
2275 1583 2311 1635 4

312 1685 497 1750 quam
547 1665 766 1743 quod,
797 1683 932 1728 cum
978 1683 1089 1750 per
1128 1660 1449 1727 triennium
1491 1667 1796 1734 Cinnanae
1824 1667 2255 1763 Marianaeque

311 1759 519 1828 partes
547 1751 777 1814 Italiam
816 1750 1196 1823 obsiderent,
1236 1766 1442 1825 neque
1469 1747 1791 1812 inlaturum
1830 1766 1903 1812 se
1929 1749 2196 1814 bellum
2181 1750 2255 1811 iis

311 1831 743 1908 dissimulavit,
786 1849 901 1894 nec
929 1835 1097 1910 quod
1125 1835 1343 1898 eratin
1368 1833 1645 1896 manibus
1677 1832 1907 1910 omisit,
1951 1833 2256 1914 existima·
2328 1890 2343 1902 ,

312 1920 519 1996 vitque
547 1928 685 1981 ante
707 1881 1106 1995 frangendum
1129 1918 1370 1980 hostem
1396 1935 1578 1993 quam
1598 1917 2019 1986 ulciscendum,
2040 1917 2253 1988 civem,

311 2005 689 2081 repulsoque
717 2009 969 2065 externo
1001 2012 1193 2077 metu,
1234 2004 1340 2067 ubi
1374 2003 1541 2079 quod
1583 2002 1844 2064 alienum
1875 2006 2044 2064 esset
2074 2000 2255 2062 vicis-

307 2097 437 2162 set,
469 2094 791 2163 superaret
819 2087 988 2164 quod
1015 2094 1145 2154 erat
1171 2086 1592 2148 domesficum.
1647 2086 1808 2146 Ante
1837 2086 2162 2148 adventum
2192 2083 2257 2144 L.
2279 2088 2312 2140 5

316 2171 521 2233 Sullae
552 2170 741 2232 Cinna
781 2170 1084 2242 seditione
1125 2178 1257 2231 orta
1286 2171 1365 2231 ab
1395 2170 1669 2232 exercitu
1695 2167 2122 2245 interemptuS,
2168 2167 2259 2228 vir

314 2254 557 2331 dignior
596 2253 702 2329 qui
747 2253 992 2318 arbitrio
1021 2254 1319 2317 victorum
1357 2261 1694 2318 moreretur
1722 2270 1902 2329 quarn
1943 2252 2259 2322 iracundia

314 2339 595 2407 militum3
628 2337 706 2400 de
738 2353 861 2413 quo
890 2352 1035 2402 vere
1064 2338 1183 2398 dici
1211 2343 1446 2413 potest,
1486 2353 1700 2400 ausum
1734 2354 1872 2397 eum
1894 2353 2052 2412 quae
2076 2351 2254 2395 nemo

313 2423 569 2484 auderet
604 2421 833 2495 bonuS,
883 2420 1220 2497 perfecisse
1241 2436 1420 2518 quae
1460 2437 1499 2490 a
1537 2422 1702 2481 nullo
1755 2422 1873 2481 nisi
1921 2420 2253 2484 fortissimo

314 2506 527 2582 perfici
556 2510 845 2581 possent,
876 2511 937 2566 et
958 2505 1149 2565 fuisse
1178 2520 1317 2568 eum
1345 2506 1404 2568 in
1428 2505 1829 2568 consultando
1852 2505 2254 2577 temerarium,

315 2590 376 2652 ιιι
406 2589 807 2668 exequendo
801 2588 1017 2648 virum.
1076 2589 1268 2652 Carbo
1309 2592 1477 2666 nullo
1510 2588 1769 2652 suffecto
1808 2589 2046 2662 collega
2084 2588 2255 2648 solus

316 2679 443 2736 toto
472 2689 630 2736 anno
661 2673 879 2735 consul
909 2671 1035 2735 fuit.

482 2755 666 2818 XXV.
748 2756 1001 2824 Putares
1042 2755 1271 2820 Sullam
1312 2756 1555 2817 venisse
1585 2751 1656 2816 in
1684 2755 1914 2816 Italiam
1955 2770 2076 2814 non
2104 2752 2314 2814 bellil

316 2840 645 2916 uindicem,
671 2842 785 2902 sed
801 2842 977 2917 pacis,
1002 2849 1344 2903 auctorem:
1366 2847 1534 2902 tanta
1546 2857 1682 2902 cum
1709 2840 1919 2915 quiete*
1930 2836 2259 2899 exercitum

318 2940 431 3001 per
472 2922 805 2986 Calabriam
844 2924 1255 3006 Apuliamque
1299 2940 1438 2987 cum
1481 2924 1774 2999 singulari
1816 2938 1962 2990 cura
2001 2924 2258 2998 frugum,

318 3024 632 3086 agrorum,
661 3007 1003 3081 hominum,
1042 3009 1281 3070 urbium
1309 3009 1597 3085 perduxit
1622 3006 1685 3067 in
1716 3006 2101 3084 Campaniam
2129 3014 2256 3066 tens

316 3093 587 3168 lavitque
612 3091 788 3152 iustis
820 3086 1056 3167 legibus
1078 3099 1137 3154 et
1149 3092 1364 3168 aequis
1379 3090 1842 3154 condicionibus
1858 3091 2083 3152 bellum
2096 3104 2257 3149 com·

248 3182 258 3196 “
319 3192 584 3254 ponere;
627 3175 785 3235 sed
771 3175 845 3235 iis
878 3175 1098 3254 quibus
1128 3182 1189 3236 et
1216 3175 1488 3252 pessima
1517 3184 1577 3236 et
1603 3171 1929 3237 immodiCa
1957 3173 2256 3249 cupiditas

321 3266 478 3330 erat,
510 3276 635 3319 non
669 3264 909 3334 poterat
939 3276 1059 3335 pax
1089 3262 1353 3336 placere.
1410 3258 1738 3322 Crescebat
1770 3260 2006 3319 interim
2031 3260 2091 3316 in
2125 3254 2256 3315 dies
2279 3260 2312 3311 2

319 3342 527 3404 Sullae
556 3343 860 3403 exercitus
892 3343 1339 3420 confluentibus
1369 3345 1449 3404 ad
1482 3360 1622 3404 eum
1662 3342 1889 3418 optimo
1923 3333 2169 3417 qu‘oque
2198 3344 2260 3397 et

322 3426 668 3488 sanissimo.
723 3415 912 3510 Felici
938 3427 1160 3492 deinde
1191 3428 1351 3489 circa
1367 3426 1633 3503 Capuam
1663 3434 1889 3498 eventu
1910 3421 2257 3525 Scipionem
