<?xml version="1.0" encoding="UTF-8"?>
<!DOCTYPE html PUBLIC "-//W3C//DTD XHTML 1.0 Transitional//EN"
    "http://www.w3.org/TR/xhtml1/DTD/xhtml1-transitional.dtd">
<html xmlns="http://www.w3.org/1999/xhtml" xml:lang="en" lang="en">
 <head>
  <title>
</title>
<meta http-equiv="Content-Type" content="text/html;charset=utf-8" />
  <meta name='ocr-system' content='tesseract 3.04.00' />
  <meta name='ocr-capabilities' content='ocr_page ocr_carea ocr_par ocr_line ocrx_word'/>
</head>
<body>
  <div class='ocr_page' id='page_1' title='image "./mvelleipatercul01haasgoog/mvelleipatercul01haasgoog_0080.png"; bbox 0 0 2634 3909; ppageno 0'>
   <div class='ocr_carea' id='block_1_1' title="bbox 411 209 1821 287">
    <p class='ocr_par' dir='ltr' id='par_1_1' title="bbox 411 209 1821 287">
     <span class='ocr_line' id='line_1_1' title="bbox 411 209 1821 287; baseline -0.001 -1"><span class='ocrx_word' id='word_1_1' title='bbox 411 222 491 287; x_wconf 75' lang='lat'><strong>34</strong></span> <span class='ocrx_word' id='word_1_2' title='bbox 941 222 1023 282; x_wconf 82' lang='lat' dir='ltr'><strong>M.</strong></span> <span class='ocrx_word' id='word_1_3' title='bbox 1063 209 1347 282; x_wconf 75' lang='lat' dir='ltr'><strong>VELLm</strong></span> <span class='ocrx_word' id='word_1_4' title='bbox 1388 223 1821 286; x_wconf 79' lang='lat' dir='ltr'><strong>PATERGULI</strong></span> 
     </span>
    </p>
   </div>
   <div class='ocr_carea' id='block_1_2' title="bbox 254 374 2461 3550">
    <p class='ocr_par' dir='ltr' id='par_1_2' title="bbox 408 374 2363 537">
     <span class='ocr_line' id='line_1_2' title="bbox 408 374 2363 451; baseline 0.003 -15"><span class='ocrx_word' id='word_1_5' title='bbox 408 376 585 436; x_wconf 88' lang='lat' dir='ltr'><strong>iussu</strong></span> <span class='ocrx_word' id='word_1_6' title='bbox 634 374 894 435; x_wconf 88' lang='lat' dir='ltr'><strong>hominis</strong></span> <span class='ocrx_word' id='word_1_7' title='bbox 946 374 1297 450; x_wconf 67' lang='lat' dir='ltr'><strong>pravissimi,</strong></span> <span class='ocrx_word' id='word_1_8' title='bbox 1334 377 1453 435; x_wconf 83' lang='lat' dir='ltr'><strong>tela</strong></span> <span class='ocrx_word' id='word_1_9' title='bbox 1490 376 1555 438; x_wconf 89' lang='lat' dir='ltr'><strong>in</strong></span> <span class='ocrx_word' id='word_1_10' title='bbox 1596 387 1735 437; x_wconf 89' lang='lat' dir='ltr'><strong>eum</strong></span> <span class='ocrx_word' id='word_1_11' title='bbox 1775 377 1933 437; x_wconf 88' lang='lat' dir='ltr'><strong>iacta</strong></span> <span class='ocrx_word' id='word_1_12' title='bbox 1972 385 2172 451; x_wconf 84' lang='lat' dir='ltr'><strong>erant,</strong></span> <span class='ocrx_word' id='word_1_13' title='bbox 2225 389 2363 441; x_wconf 86' lang='lat' dir='ltr'><strong>cum</strong></span> 
     </span>
     <span class='ocr_line' id='line_1_3' title="bbox 409 455 2361 537; baseline 0.003 -19"><span class='ocrx_word' id='word_1_14' title='bbox 409 460 657 518; x_wconf 85' lang='lat' dir='ltr'><strong>lacerna</strong></span> <span class='ocrx_word' id='word_1_15' title='bbox 706 457 856 518; x_wconf 83' lang='lat' dir='ltr'><strong>eius·</strong></span> <span class='ocrx_word' id='word_1_16' title='bbox 891 459 1202 533; x_wconf 83' lang='lat' dir='ltr'><strong>perforata</strong></span> <span class='ocrx_word' id='word_1_17' title='bbox 1247 466 1417 519; x_wconf 90' lang='lat' dir='ltr'><strong>esset</strong></span> <span class='ocrx_word' id='word_1_18' title='bbox 1469 460 1710 534; x_wconf 83' lang='lat' dir='ltr'><strong>lancea,</strong></span> <span class='ocrx_word' id='word_1_19' title='bbox 1777 463 2043 537; x_wconf 82' lang='lat' dir='ltr'>aquilam</span> <span class='ocrx_word' id='word_1_20' title='bbox 2100 455 2361 536; x_wconf 87' lang='lat' dir='ltr'><strong>legionis</strong></span> 
     </span>
    </p>

    <p class='ocr_par' dir='ltr' id='par_1_3' title="bbox 353 540 2366 1205">
     <span class='ocr_line' id='line_1_4' title="bbox 353 540 2361 625; baseline 0 -22"><span class='ocrx_word' id='word_1_21' title='bbox 353 557 629 617; x_wconf 65' lang='lat' dir='ltr'><strong>¹-rapere</strong></span> <span class='ocrx_word' id='word_1_22' title='bbox 678 557 867 625; x_wconf 81' lang='lat' dir='ltr'><strong>ausus</strong></span> <span class='ocrx_word' id='word_1_23' title='bbox 916 549 1028 602; x_wconf 88' lang='lat' dir='ltr'><strong>est.</strong></span> <span class='ocrx_word' id='word_1_24' title='bbox 1107 540 1343 618; x_wconf 80' lang='lat' dir='ltr'><strong>ScireS,</strong></span> <span class='ocrx_word' id='word_1_25' title='bbox 1398 542 1546 619; x_wconf 88' lang='lat' dir='ltr'><strong>quid</strong></span> <span class='ocrx_word' id='word_1_26' title='bbox 1586 541 1909 620; x_wconf 78' lang='lat' dir='ltr'><strong>interesset</strong></span> <span class='ocrx_word' id='word_1_27' title='bbox 1947 544 2103 604; x_wconf 91' lang='lat' dir='ltr'><strong>inter</strong></span> <span class='ocrx_word' id='word_1_28' title='bbox 2138 545 2361 607; x_wconf 79' lang='lat' dir='ltr'><strong>duces=</strong></span> 
     </span>
     <span class='ocr_line' id='line_1_5' title="bbox 412 625 2364 705; baseline 0.002 -19"><span class='ocrx_word' id='word_1_29' title='bbox 412 628 625 686; x_wconf 86' lang='lat' dir='ltr'><strong>armati</strong></span> <span class='ocrx_word' id='word_1_30' title='bbox 673 626 964 687; x_wconf 83' lang='lat' dir='ltr'><strong>inermem</strong></span> <span class='ocrx_word' id='word_1_31' title='bbox 1005 626 1198 686; x_wconf 89' lang='lat' dir='ltr'><strong>secuti</strong></span> <span class='ocrx_word' id='word_1_32' title='bbox 1239 633 1382 687; x_wconf 91' lang='lat' dir='ltr'><strong>sunt</strong></span> <span class='ocrx_word' id='word_1_33' title='bbox 1422 625 1786 704; x_wconf 82' lang='lat' dir='ltr'>decimoque</span> <span class='ocrx_word' id='word_1_34' title='bbox 1838 644 2030 703; x_wconf 88' lang='lat' dir='ltr'><strong>anno,</strong></span> <span class='ocrx_word' id='word_1_35' title='bbox 2081 644 2262 705; x_wconf 91' lang='lat' dir='ltr'><strong>quam</strong></span> <span class='ocrx_word' id='word_1_36' title='bbox 2302 630 2364 689; x_wconf 91' lang='lat' dir='ltr'><strong>in</strong></span> 
     </span>
     <span class='ocr_line' id='line_1_6' title="bbox 413 708 2366 788; baseline 0.001 -17"><span class='ocrx_word' id='word_1_37' title='bbox 413 708 871 771; x_wconf 82' lang='lat' dir='ltr'><strong>dissimillimam</strong></span> <span class='ocrx_word' id='word_1_38' title='bbox 886 710 1045 771; x_wconf 88' lang='lat' dir='ltr'><strong>vitae</strong></span> <span class='ocrx_word' id='word_1_39' title='bbox 1060 723 1212 770; x_wconf 85' lang='lat' dir='ltr'><strong>suae</strong></span> <span class='ocrx_word' id='word_1_40' title='bbox 1225 709 1556 786; x_wconf 87' lang='lat' dir='ltr'><strong>potentiam</strong></span> <span class='ocrx_word' id='word_1_41' title='bbox 1585 719 1975 786; x_wconf 86' lang='lat' dir='ltr'><strong>pervenerat,</strong></span> <span class='ocrx_word' id='word_1_42' title='bbox 2005 711 2274 788; x_wconf 85' lang='lat' dir='ltr'><strong>Lepidus</strong></span> <span class='ocrx_word' id='word_1_43' title='bbox 2302 719 2366 774; x_wconf 92' lang='lat' dir='ltr'><strong>et</strong></span> 
     </span>
     <span class='ocr_line' id='line_1_7' title="bbox 414 793 2363 872; baseline 0.001 -16"><span class='ocrx_word' id='word_1_44' title='bbox 414 812 451 856; x_wconf 86' lang='lat' dir='ltr'><strong>a</strong></span> <span class='ocrx_word' id='word_1_45' title='bbox 478 793 765 855; x_wconf 83' lang='lat' dir='ltr'><strong>militibus</strong></span> <span class='ocrx_word' id='word_1_46' title='bbox 796 800 856 854; x_wconf 88' lang='lat' dir='ltr'><strong>et</strong></span> <span class='ocrx_word' id='word_1_47' title='bbox 884 810 922 854; x_wconf 88' lang='lat' dir='ltr'><strong>a</strong></span> <span class='ocrx_word' id='word_1_48' title='bbox 950 796 1191 855; x_wconf 78' lang='lat' dir='ltr'><strong>fortuna</strong></span> <span class='ocrx_word' id='word_1_49' title='bbox 1208 796 1492 855; x_wconf 90' lang='lat' dir='ltr'><strong>desertus</strong></span> <span class='ocrx_word' id='word_1_50' title='bbox 1523 795 1817 870; x_wconf 90' lang='lat' dir='ltr'><strong>pulloque</strong></span> <span class='ocrx_word' id='word_1_51' title='bbox 1833 798 2065 856; x_wconf 87' lang='lat' dir='ltr'><strong>velatus</strong></span> <span class='ocrx_word' id='word_1_52' title='bbox 2082 798 2363 872; x_wconf 69' lang='lat' dir='ltr'><strong>amicum,-</strong></span> 
     </span>
     <span class='ocr_line' id='line_1_8' title="bbox 412 878 2362 942; baseline 0.001 -2"><span class='ocrx_word' id='word_1_53' title='bbox 412 879 569 940; x_wconf 89' lang='lat' dir='ltr'><strong>inter</strong></span> <span class='ocrx_word' id='word_1_54' title='bbox 607 879 876 939; x_wconf 84' lang='lat' dir='ltr'><strong>ultimam</strong></span> <span class='ocrx_word' id='word_1_55' title='bbox 917 878 1354 939; x_wconf 86' lang='lat' dir='ltr'><strong>confluentium</strong></span> <span class='ocrx_word' id='word_1_56' title='bbox 1396 878 1475 937; x_wconf 90' lang='lat' dir='ltr'><strong>ad</strong></span> <span class='ocrx_word' id='word_1_57' title='bbox 1515 878 1838 939; x_wconf 85' lang='lat' dir='ltr'><strong>Caesarem</strong></span> <span class='ocrx_word' id='word_1_58' title='bbox 1891 881 2129 940; x_wconf 88' lang='lat' dir='ltr'><strong>turbam</strong></span> <span class='ocrx_word' id='word_1_59' title='bbox 2170 884 2362 942; x_wconf 89' lang='lat' dir='ltr'><strong>latens</strong></span> 
     </span>
     <span class='ocr_line' id='line_1_9' title="bbox 414 960 2363 1061; baseline 0.001 -38"><span class='ocrx_word' id='word_1_60' title='bbox 414 963 673 1061; x_wconf 83' lang='lat' dir='ltr'><strong>genibus</strong></span> <span class='ocrx_word' id='word_1_61' title='bbox 703 961 837 1023; x_wconf 91' lang='lat' dir='ltr'><strong>eius</strong></span> <span class='ocrx_word' id='word_1_62' title='bbox 868 962 1193 1023; x_wconf 88' lang='lat' dir='ltr'><strong>advolutus</strong></span> <span class='ocrx_word' id='word_1_63' title='bbox 1218 968 1344 1032; x_wconf 87' lang='lat' dir='ltr'><strong>est;</strong></span> <span class='ocrx_word' id='word_1_64' title='bbox 1386 960 1512 1022; x_wconf 88' lang='lat' dir='ltr'><strong>vita</strong></span> <span class='ocrx_word' id='word_1_65' title='bbox 1539 978 1868 1038; x_wconf 83' lang='lat' dir='ltr'><strong>rerumque</strong></span> <span class='ocrx_word' id='word_1_66' title='bbox 1898 979 2145 1024; x_wconf 90' lang='lat' dir='ltr'><strong>suarum</strong></span> <span class='ocrx_word' id='word_1_67' title='bbox 2173 963 2363 1025; x_wconf 88' lang='lat' dir='ltr'><strong>domi-</strong></span> 
     </span>
     <span class='ocr_line' id='line_1_10' title="bbox 413 1038 2362 1125; baseline 0.001 -18"><span class='ocrx_word' id='word_1_68' title='bbox 413 1048 580 1108; x_wconf 88' lang='lat' dir='ltr'><strong>nium</strong></span> <span class='ocrx_word' id='word_1_69' title='bbox 611 1062 913 1107; x_wconf 87' lang='lat' dir='ltr'><strong>concessa</strong></span> <span class='ocrx_word' id='word_1_70' title='bbox 942 1046 999 1107; x_wconf 90' lang='lat' dir='ltr'><strong>ei</strong></span> <span class='ocrx_word' id='word_1_71' title='bbox 1028 1053 1199 1120; x_wconf 88' lang='lat' dir='ltr'><strong>sunt,</strong></span> <span class='ocrx_word' id='word_1_72' title='bbox 1230 1038 1522 1121; x_wconf 86' lang='lat' dir='ltr'><strong>spoliata,</strong></span> <span class='ocrx_word' id='word_1_73' title='bbox 1554 1059 1737 1121; x_wconf 85' lang='lat' dir='ltr'><strong>quam</strong></span> <span class='ocrx_word' id='word_1_74' title='bbox 1768 1044 1945 1106; x_wconf 89' lang='lat' dir='ltr'><strong>tueri·</strong></span> <span class='ocrx_word' id='word_1_75' title='bbox 1955 1063 2078 1108; x_wconf 91' lang='lat' dir='ltr'><strong>non</strong></span> <span class='ocrx_word' id='word_1_76' title='bbox 2110 1055 2362 1125; x_wconf 88' lang='lat' dir='ltr'><strong>poterat,</strong></span> 
     </span>
     <span class='ocr_line' id='line_1_11' title="bbox 417 1131 700 1205; baseline -0.011 -13"><span class='ocrx_word' id='word_1_77' title='bbox 417 1131 700 1205; x_wconf 82' lang='lat' dir='ltr'><strong>dignitas.</strong></span> 
     </span>
    </p>

    <p class='ocr_par' dir='ltr' id='par_1_4' title="bbox 368 1212 2371 1542">
     <span class='ocr_line' id='line_1_12' title="bbox 368 1212 2365 1291; baseline 0.003 -23"><span class='ocrx_word' id='word_1_78' title='bbox 368 1217 393 1268; x_wconf 82' lang='lat'><em>1</em></span> <span class='ocrx_word' id='word_1_79' title='bbox 580 1213 836 1274; x_wconf 84' lang='lat' dir='ltr'>LXXXI.</span> <span class='ocrx_word' id='word_1_80' title='bbox 879 1213 1094 1273; x_wconf 90' lang='lat' dir='ltr'><strong>Subita</strong></span> <span class='ocrx_word' id='word_1_81' title='bbox 1116 1212 1341 1272; x_wconf 89' lang='lat' dir='ltr'><strong>deinde</strong></span> <span class='ocrx_word' id='word_1_82' title='bbox 1359 1214 1664 1274; x_wconf 86' lang='lat' dir='ltr'><strong>exercitus</strong></span> <span class='ocrx_word' id='word_1_83' title='bbox 1687 1213 1936 1286; x_wconf 88' lang='lat' dir='ltr'><strong>seditio,</strong></span> <span class='ocrx_word' id='word_1_84' title='bbox 1970 1215 2075 1291; x_wconf 93' lang='lat' dir='ltr'><strong>qui</strong></span> <span class='ocrx_word' id='word_1_85' title='bbox 2105 1215 2365 1290; x_wconf 89' lang='lat' dir='ltr'><strong>plerum-</strong></span> 
     </span>
     <span class='ocr_line' id='line_1_13' title="bbox 418 1296 2371 1384; baseline 0.001 -26"><span class='ocrx_word' id='word_1_86' title='bbox 418 1300 540 1374; x_wconf 78' lang='lat' dir='ltr'><strong>que</strong></span> <span class='ocrx_word' id='word_1_87' title='bbox 571 1298 1014 1374; x_wconf 83' lang='lat' dir='ltr'><strong>contemplatus</strong></span> <span class='ocrx_word' id='word_1_88' title='bbox 1039 1296 1439 1371; x_wconf 85' lang='lat' dir='ltr'><strong>frequentiam</strong></span> <span class='ocrx_word' id='word_1_89' title='bbox 1473 1309 1645 1357; x_wconf 88' lang='lat' dir='ltr'><strong>suam</strong></span> <span class='ocrx_word' id='word_1_90' title='bbox 1670 1314 1708 1357; x_wconf 87' lang='lat' dir='ltr'><strong>a</strong></span> <span class='ocrx_word' id='word_1_91' title='bbox 1733 1298 2056 1384; x_wconf 83' lang='lat' dir='ltr'><strong>disciplina</strong></span> <span class='ocrx_word' id='word_1_92' title='bbox 2083 1297 2371 1360; x_wconf 80' lang='lat' dir='ltr'><strong>desciscit</strong></span> 
     </span>
     <span class='ocr_line' id='line_1_14' title="bbox 418 1383 2368 1457; baseline -0.001 -14"><span class='ocrx_word' id='word_1_93' title='bbox 418 1390 480 1443; x_wconf 92' lang='lat' dir='ltr'><strong>et</strong></span> <span class='ocrx_word' id='word_1_94' title='bbox 494 1383 661 1457; x_wconf 90' lang='lat' dir='ltr'><strong>quod</strong></span> <span class='ocrx_word' id='word_1_95' title='bbox 676 1396 898 1456; x_wconf 87' lang='lat' dir='ltr'><strong>cogere</strong></span> <span class='ocrx_word' id='word_1_96' title='bbox 913 1395 983 1440; x_wconf 87' lang='lat' dir='ltr'><strong>se</strong></span> <span class='ocrx_word' id='word_1_97' title='bbox 1011 1386 1419 1456; x_wconf 85' lang='lat' dir='ltr'><strong>putatposse,</strong></span> <span class='ocrx_word' id='word_1_98' title='bbox 1446 1397 1666 1456; x_wconf 89' lang='lat' dir='ltr'><strong>rogare</strong></span> <span class='ocrx_word' id='word_1_99' title='bbox 1688 1398 1811 1442; x_wconf 88' lang='lat' dir='ltr'><strong>non</strong></span> <span class='ocrx_word' id='word_1_100' title='bbox 1838 1383 2126 1456; x_wconf 90' lang='lat' dir='ltr'><strong>sustinet,</strong></span> <span class='ocrx_word' id='word_1_101' title='bbox 2152 1384 2368 1457; x_wconf 85' lang='lat' dir='ltr'><strong>partim</strong></span> 
     </span>
     <span class='ocr_line' id='line_1_15' title="bbox 420 1462 2368 1542; baseline 0.001 -16"><span class='ocrx_word' id='word_1_102' title='bbox 420 1467 744 1526; x_wconf 87' lang='lat' dir='ltr'><strong>severitate</strong></span> <span class='ocrx_word' id='word_1_103' title='bbox 788 1462 1000 1540; x_wconf 85' lang='lat' dir='ltr'><strong>partim</strong></span> <span class='ocrx_word' id='word_1_104' title='bbox 1042 1464 1400 1526; x_wconf 84' lang='lat' dir='ltr'><strong>liberalitate</strong></span> <span class='ocrx_word' id='word_1_105' title='bbox 1440 1466 1726 1526; x_wconf 89' lang='lat' dir='ltr'><strong>discussa</strong></span> <span class='ocrx_word' id='word_1_106' title='bbox 1756 1466 2082 1542; x_wconf 87' lang='lat' dir='ltr'><strong>principis,</strong></span> <span class='ocrx_word' id='word_1_107' title='bbox 2125 1466 2368 1542; x_wconf 90' lang='lat' dir='ltr'><strong>specio-</strong></span> 
     </span>
    </p>

    <p class='ocr_par' dir='ltr' id='par_1_5' title="bbox 357 1548 2372 1960">
     <span class='ocr_line' id='line_1_16' title="bbox 357 1548 2370 1650; baseline -0 -40"><span class='ocrx_word' id='word_1_108' title='bbox 357 1578 364 1595; x_wconf 83' lang='lat'><strong>·</strong></span> <span class='ocrx_word' id='word_1_109' title='bbox 421 1565 683 1625; x_wconf 90' lang='lat' dir='ltr'><strong>sumque</strong></span> <span class='ocrx_word' id='word_1_110' title='bbox 705 1564 816 1625; x_wconf 92' lang='lat' dir='ltr'><strong>per</strong></span> <span class='ocrx_word' id='word_1_111' title='bbox 835 1548 898 1607; x_wconf 92' lang='lat' dir='ltr'><strong>id</strong></span> <span class='ocrx_word' id='word_1_112' title='bbox 918 1554 1163 1623; x_wconf 89' lang='lat' dir='ltr'><strong>tempus</strong></span> <span class='ocrx_word' id='word_1_113' title='bbox 1188 1549 1494 1609; x_wconf 90' lang='lat' dir='ltr'><strong>adiectum</strong></span> <span class='ocrx_word' id='word_1_114' title='bbox 1517 1550 2011 1650; x_wconf 88' lang='lat' dir='ltr'><strong>supplementum</strong></span> <span class='ocrx_word' id='word_1_115' title='bbox 2027 1550 2370 1632; x_wconf 84' lang='lat' dir='ltr'><strong>Campanae</strong></span> 
     </span>
     <span class='ocr_line' id='line_1_17' title="bbox 421 1627 2369 1710; baseline -0.001 -15"><span class='ocrx_word' id='word_1_116' title='bbox 421 1635 730 1705; x_wconf 74' lang='lat' dir='ltr'><strong>coloniae3</strong></span> <span class='ocrx_word' id='word_1_117' title='bbox 759 1636 1043 1706; x_wconf 78' lang='lat' dir='ltr'><strong>[concessi</strong></span> <span class='ocrx_word' id='word_1_118' title='bbox 1049 1649 1205 1694; x_wconf 82' lang='lat' dir='ltr'><strong>emm</strong></span> <span class='ocrx_word' id='word_1_119' title='bbox 1224 1636 1518 1694; x_wconf 80' lang='lat' dir='ltr'><strong>veteranis</strong></span> <span class='ocrx_word' id='word_1_120' title='bbox 1536 1636 1703 1709; x_wconf 58' lang='lat' dir='ltr'><strong>apri,</strong></span> <span class='ocrx_word' id='word_1_121' title='bbox 1725 1651 1826 1710; x_wconf 74' lang='lat' dir='ltr'><strong>qut</strong></span> <span class='ocrx_word' id='word_1_122' title='bbox 1818 1635 2067 1696; x_wconf 80' lang='lat' dir='ltr'><strong>civibus</strong></span> <span class='ocrx_word' id='word_1_123' title='bbox 2086 1627 2369 1706; x_wconf 80' lang='lat' dir='ltr'><strong>coloniae]</strong></span> 
     </span>
     <span class='ocr_line' id='line_1_18' title="bbox 419 1716 2372 1793; baseline 0.001 -15"><span class='ocrx_word' id='word_1_124' title='bbox 419 1718 558 1779; x_wconf 90' lang='lat' dir='ltr'><strong>eius</strong></span> <span class='ocrx_word' id='word_1_125' title='bbox 600 1716 794 1778; x_wconf 86' lang='lat' dir='ltr'><strong>relicti</strong></span> <span class='ocrx_word' id='word_1_126' title='bbox 823 1724 994 1778; x_wconf 83' lang='lat' dir='ltr'><strong>erant</strong></span> <span class='ocrx_word' id='word_1_127' title='bbox 1023 1717 1281 1791; x_wconf 90' lang='lat' dir='ltr'><strong>publici,</strong></span> <span class='ocrx_word' id='word_1_128' title='bbox 1315 1734 1449 1793; x_wconf 90' lang='lat' dir='ltr'><strong>pro</strong></span> <span class='ocrx_word' id='word_1_129' title='bbox 1459 1717 1556 1778; x_wconf 88' lang='lat' dir='ltr'><strong>his</strong></span> <span class='ocrx_word' id='word_1_130' title='bbox 1584 1718 1768 1792; x_wconf 93' lang='lat' dir='ltr'><strong>longe</strong></span> <span class='ocrx_word' id='word_1_131' title='bbox 1790 1719 2108 1778; x_wconf 84' lang='lat' dir='ltr'><strong>uberiores</strong></span> <span class='ocrx_word' id='word_1_132' title='bbox 2138 1717 2372 1780; x_wconf 85' lang='lat' dir='ltr'><strong>reditus</strong></span> 
     </span>
     <span class='ocr_line' id='line_1_19' title="bbox 424 1795 2371 1884; baseline -0.003 -21"><span class='ocrx_word' id='word_1_133' title='bbox 424 1802 760 1863; x_wconf 86' lang='lat' dir='ltr'><strong>duodecies</strong></span> <span class='ocrx_word' id='word_1_134' title='bbox 792 1795 1138 1861; x_wconf 78' lang='lat' dir='ltr'><strong>sestertium</strong></span> <span class='ocrx_word' id='word_1_135' title='bbox 1166 1802 1227 1861; x_wconf 89' lang='lat' dir='ltr'><strong>in</strong></span> <span class='ocrx_word' id='word_1_136' title='bbox 1261 1803 1436 1863; x_wconf 88' lang='lat' dir='ltr'><strong>Creta</strong></span> <span class='ocrx_word' id='word_1_137' title='bbox 1475 1801 1685 1861; x_wconf 85' lang='lat' dir='ltr'><strong>insula·</strong></span> <span class='ocrx_word' id='word_1_138' title='bbox 1704 1801 1925 1863; x_wconf 87' lang='lat' dir='ltr'><strong>redditi</strong></span> <span class='ocrx_word' id='word_1_139' title='bbox 1953 1808 2014 1861; x_wconf 90' lang='lat' dir='ltr'><strong>et</strong></span> <span class='ocrx_word' id='word_1_140' title='bbox 2042 1816 2200 1877; x_wconf 86' lang='lat' dir='ltr'><strong>aqua</strong></span> <span class='ocrx_word' id='word_1_141' title='bbox 2231 1816 2371 1884; x_wconf 86' lang='lat' dir='ltr'><strong>pro—</strong></span> 
     </span>
     <span class='ocr_line' id='line_1_20' title="bbox 425 1884 2371 1960; baseline 0.001 -16"><span class='ocrx_word' id='word_1_142' title='bbox 425 1887 640 1957; x_wconf 88' lang='lat' dir='ltr'><strong>missa,</strong></span> <span class='ocrx_word' id='word_1_143' title='bbox 675 1900 834 1959; x_wconf 92' lang='lat' dir='ltr'><strong>quae</strong></span> <span class='ocrx_word' id='word_1_144' title='bbox 853 1884 1165 1960; x_wconf 90' lang='lat' dir='ltr'><strong>hodieque</strong></span> <span class='ocrx_word' id='word_1_145' title='bbox 1195 1884 1504 1960; x_wconf 89' lang='lat' dir='ltr'><strong>singulare</strong></span> <span class='ocrx_word' id='word_1_146' title='bbox 1535 1891 1596 1945; x_wconf 89' lang='lat' dir='ltr'><strong>et</strong></span> <span class='ocrx_word' id='word_1_147' title='bbox 1623 1885 1993 1947; x_wconf 88' lang='lat' dir='ltr'><strong>salubritatis</strong></span> <span class='ocrx_word' id='word_1_148' title='bbox 2023 1889 2371 1946; x_wconf 81' lang='lat' dir='ltr'><strong>instrumen—</strong></span> 
     </span>
    </p>

    <p class='ocr_par' dir='ltr' id='par_1_6' title="bbox 315 1963 2379 2630">
     <span class='ocr_line' id='line_1_21' title="bbox 315 1963 2373 2050; baseline -0 -21"><span class='ocrx_word' id='word_1_149' title='bbox 315 1970 322 1977; x_wconf 85' lang='lat'>&#39;</span> <span class='ocrx_word' id='word_1_150' title='bbox 368 1970 405 2022; x_wconf 80' lang='lat'><strong>2</strong></span> <span class='ocrx_word' id='word_1_151' title='bbox 425 1976 544 2030; x_wconf 81' lang='lat' dir='ltr'><strong>tum</strong></span> <span class='ocrx_word' id='word_1_152' title='bbox 562 1977 620 2029; x_wconf 91' lang='lat' dir='ltr'><strong>et</strong></span> <span class='ocrx_word' id='word_1_153' title='bbox 635 1968 1014 2027; x_wconf 87' lang='lat' dir='ltr'><strong>amoenitatis</strong></span> <span class='ocrx_word' id='word_1_154' title='bbox 1031 1978 1450 2029; x_wconf 86' lang='lat' dir='ltr'><strong>ornamentum</strong></span> <span class='ocrx_word' id='word_1_155' title='bbox 1471 1977 1583 2030; x_wconf 90' lang='lat' dir='ltr'><strong>est.</strong></span> <span class='ocrx_word' id='word_1_156' title='bbox 1613 1969 1861 2045; x_wconf 84' lang='lat' dir='ltr'><strong>Insigne</strong></span> <span class='ocrx_word' id='word_1_157' title='bbox 1883 1984 2148 2050; x_wconf 77' lang='lat' dir='ltr'><strong>coronae</strong></span> <span class='ocrx_word' id='word_1_158' title='bbox 2162 1963 2373 2029; x_wconf 71' lang='lat' dir='ltr'><strong>‘classi-</strong></span> 
     </span>
     <span class='ocr_line' id='line_1_22' title="bbox 428 2052 2375 2127; baseline -0.001 -14"><span class='ocrx_word' id='word_1_159' title='bbox 428 2067 567 2124; x_wconf 89' lang='lat' dir='ltr'><strong>cae,</strong></span> <span class='ocrx_word' id='word_1_160' title='bbox 610 2068 732 2127; x_wconf 89' lang='lat' dir='ltr'><strong>quo</strong></span> <span class='ocrx_word' id='word_1_161' title='bbox 774 2065 953 2110; x_wconf 90' lang='lat' dir='ltr'><strong>nemo</strong></span> <span class='ocrx_word' id='word_1_162' title='bbox 994 2065 1265 2127; x_wconf 89' lang='lat' dir='ltr'><strong>unquam</strong></span> <span class='ocrx_word' id='word_1_163' title='bbox 1303 2052 1718 2114; x_wconf 89' lang='lat' dir='ltr'><strong>Romanorum</strong></span> <span class='ocrx_word' id='word_1_164' title='bbox 1751 2053 2012 2114; x_wconf 88' lang='lat' dir='ltr'><strong>donatus</strong></span> <span class='ocrx_word' id='word_1_165' title='bbox 2057 2061 2214 2125; x_wconf 85' lang='lat' dir='ltr'><strong>erat,</strong></span> <span class='ocrx_word' id='word_1_166' title='bbox 2258 2052 2375 2112; x_wconf 92' lang='lat' dir='ltr'><strong>hoc</strong></span> 
     </span>
     <span class='ocr_line' id='line_1_23' title="bbox 367 2131 2377 2209; baseline 0 -14"><span class='ocrx_word' id='word_1_167' title='bbox 367 2136 587 2195; x_wconf 82' lang='lat' dir='ltr'><strong>3bello</strong></span> <span class='ocrx_word' id='word_1_168' title='bbox 643 2135 921 2209; x_wconf 87' lang='lat' dir='ltr'><strong>Agrippa</strong></span> <span class='ocrx_word' id='word_1_169' title='bbox 978 2134 1268 2209; x_wconf 86' lang='lat' dir='ltr'><strong>singulari</strong></span> <span class='ocrx_word' id='word_1_170' title='bbox 1312 2136 1532 2196; x_wconf 89' lang='lat' dir='ltr'><strong>virtute</strong></span> <span class='ocrx_word' id='word_1_171' title='bbox 1580 2137 1813 2197; x_wconf 82' lang='lat' dir='ltr'><strong>meruit.</strong></span> <span class='ocrx_word' id='word_1_172' title='bbox 1881 2137 2097 2195; x_wconf 90' lang='lat' dir='ltr'><strong>Victor</strong></span> <span class='ocrx_word' id='word_1_173' title='bbox 2138 2131 2377 2196; x_wconf 79' lang='lat' dir='ltr'><strong>deinde</strong></span> 
     </span>
     <span class='ocr_line' id='line_1_24' title="bbox 431 2218 2375 2296; baseline 0 -18"><span class='ocrx_word' id='word_1_174' title='bbox 431 2220 655 2279; x_wconf 89' lang='lat' dir='ltr'><strong>Caesar</strong></span> <span class='ocrx_word' id='word_1_175' title='bbox 692 2232 983 2278; x_wconf 92' lang='lat' dir='ltr'><strong>reversus</strong></span> <span class='ocrx_word' id='word_1_176' title='bbox 1024 2218 1084 2278; x_wconf 93' lang='lat' dir='ltr'><strong>in</strong></span> <span class='ocrx_word' id='word_1_177' title='bbox 1125 2220 1341 2280; x_wconf 90' lang='lat' dir='ltr'><strong>urbem</strong></span> <span class='ocrx_word' id='word_1_178' title='bbox 1376 2228 1718 2281; x_wconf 86' lang='lat' dir='ltr'><strong>contractas</strong></span> <span class='ocrx_word' id='word_1_179' title='bbox 1760 2218 2169 2296; x_wconf 88' lang='lat' dir='ltr'><strong>emptionibus</strong></span> <span class='ocrx_word' id='word_1_180' title='bbox 2210 2235 2375 2279; x_wconf 88' lang='lat' dir='ltr'><strong>com-</strong></span> 
     </span>
     <span class='ocr_line' id='line_1_25' title="bbox 429 2301 2374 2380; baseline 0.001 -18"><span class='ocrx_word' id='word_1_181' title='bbox 429 2302 624 2379; x_wconf 88' lang='lat' dir='ltr'><strong>pluris</strong></span> <span class='ocrx_word' id='word_1_182' title='bbox 666 2302 883 2362; x_wconf 90' lang='lat' dir='ltr'><strong>domos</strong></span> <span class='ocrx_word' id='word_1_183' title='bbox 928 2318 1040 2377; x_wconf 91' lang='lat' dir='ltr'><strong>per</strong></span> <span class='ocrx_word' id='word_1_184' title='bbox 1068 2311 1530 2380; x_wconf 59' lang='lat' dir='ltr'><strong>procuratores5</strong></span> <span class='ocrx_word' id='word_1_185' title='bbox 1573 2319 1694 2380; x_wconf 93' lang='lat' dir='ltr'><strong>quo</strong></span> <span class='ocrx_word' id='word_1_186' title='bbox 1732 2304 1928 2364; x_wconf 86' lang='lat' dir='ltr'><strong>laxior</strong></span> <span class='ocrx_word' id='word_1_187' title='bbox 1958 2301 2173 2364; x_wconf 89' lang='lat' dir='ltr'><strong>fieret</strong></span> <span class='ocrx_word' id='word_1_188' title='bbox 2158 2304 2374 2380; x_wconf 78' lang='lat' dir='ltr'><strong>ipsiuS‚</strong></span> 
     </span>
     <span class='ocr_line' id='line_1_26' title="bbox 431 2385 2379 2471; baseline -0.001 -25"><span class='ocrx_word' id='word_1_189' title='bbox 431 2386 695 2471; x_wconf 87' lang='lat' dir='ltr'><strong>publicis</strong></span> <span class='ocrx_word' id='word_1_190' title='bbox 738 2402 808 2445; x_wconf 91' lang='lat' dir='ltr'><strong>se</strong></span> <span class='ocrx_word' id='word_1_191' title='bbox 844 2385 1060 2446; x_wconf 90' lang='lat' dir='ltr'><strong>usibus</strong></span> <span class='ocrx_word' id='word_1_192' title='bbox 1102 2387 1411 2447; x_wconf 86' lang='lat' dir='ltr'><strong>destinare</strong></span> <span class='ocrx_word' id='word_1_193' title='bbox 1454 2388 1779 2462; x_wconf 82' lang='lat' dir='ltr'><strong>professus</strong></span> <span class='ocrx_word' id='word_1_194' title='bbox 1821 2395 1916 2448; x_wconf 90' lang='lat' dir='ltr'><strong>est</strong></span> <span class='ocrx_word' id='word_1_195' title='bbox 1964 2388 2379 2463; x_wconf 88' lang='lat' dir='ltr'><strong>templumque</strong></span> 
     </span>
     <span class='ocr_line' id='line_1_27' title="bbox 429 2455 2375 2547; baseline -0.001 -16"><span class='ocrx_word' id='word_1_196' title='bbox 429 2455 732 2546; x_wconf 86' lang='lat' dir='ltr'><strong>Apollinis</strong></span> <span class='ocrx_word' id='word_1_197' title='bbox 763 2477 821 2530; x_wconf 88' lang='lat' dir='ltr'><strong>et</strong></span> <span class='ocrx_word' id='word_1_198' title='bbox 849 2470 1012 2530; x_wconf 90' lang='lat' dir='ltr'><strong>circa</strong></span> <span class='ocrx_word' id='word_1_199' title='bbox 1038 2470 1310 2545; x_wconf 83' lang='lat' dir='ltr'><strong>porticus</strong></span> <span class='ocrx_word' id='word_1_200' title='bbox 1336 2473 1633 2532; x_wconf 83' lang='lat' dir='ltr'><strong>facturum</strong></span> <span class='ocrx_word' id='word_1_201' title='bbox 1663 2471 1965 2547; x_wconf 86' lang='lat' dir='ltr'><strong>promisit,</strong></span> <span class='ocrx_word' id='word_1_202' title='bbox 1999 2470 2161 2547; x_wconf 92' lang='lat' dir='ltr'><strong>quod</strong></span> <span class='ocrx_word' id='word_1_203' title='bbox 2196 2471 2271 2530; x_wconf 87' lang='lat' dir='ltr'><strong>ab</strong></span> <span class='ocrx_word' id='word_1_204' title='bbox 2302 2484 2375 2529; x_wconf 90' lang='lat' dir='ltr'><strong>eo</strong></span> 
     </span>
     <span class='ocr_line' id='line_1_28' title="bbox 434 2553 1667 2630; baseline -0.002 -14"><span class='ocrx_word' id='word_1_205' title='bbox 434 2553 720 2630; x_wconf 85' lang='lat' dir='ltr'><strong>singulari</strong></span> <span class='ocrx_word' id='word_1_206' title='bbox 750 2561 1088 2615; x_wconf 86' lang='lat' dir='ltr'><strong>extructum</strong></span> <span class='ocrx_word' id='word_1_207' title='bbox 1117 2555 1527 2615; x_wconf 86' lang='lat' dir='ltr'><strong>munificentia</strong></span> <span class='ocrx_word' id='word_1_208' title='bbox 1554 2563 1667 2614; x_wconf 87' lang='lat' dir='ltr'><strong>est</strong></span> 
     </span>
    </p>

    <p class='ocr_par' dir='ltr' id='par_1_7' title="bbox 374 2635 2384 2798">
     <span class='ocr_line' id='line_1_29' title="bbox 374 2635 2384 2714; baseline -0.001 -15"><span class='ocrx_word' id='word_1_209' title='bbox 374 2647 407 2699; x_wconf 90' lang='lat'><strong>1</strong></span> <span class='ocrx_word' id='word_1_210' title='bbox 436 2697 441 2704; x_wconf 86' lang='grc'>,</span> <span class='ocrx_word' id='word_1_211' title='bbox 595 2638 877 2699; x_wconf 89' lang='lat' dir='ltr'>LXXXII.</span> <span class='ocrx_word' id='word_1_212' title='bbox 964 2638 1093 2713; x_wconf 82' lang='lat' dir='ltr'><strong>Qua</strong></span> <span class='ocrx_word' id='word_1_213' title='bbox 1122 2646 1354 2699; x_wconf 89' lang='lat' dir='ltr'><strong>aestate</strong></span> <span class='ocrx_word' id='word_1_214' title='bbox 1385 2639 1609 2698; x_wconf 85' lang='lat' dir='ltr'><strong>Caesar</strong></span> <span class='ocrx_word' id='word_1_215' title='bbox 1636 2647 1759 2699; x_wconf 88' lang='lat' dir='ltr'><strong>tarn</strong></span> <span class='ocrx_word' id='word_1_216' title='bbox 1789 2635 2088 2714; x_wconf 79' lang='lat' dir='ltr'><strong>‘prospere</strong></span> <span class='ocrx_word' id='word_1_217' title='bbox 2125 2640 2384 2714; x_wconf 77' lang='lat' dir='ltr'><strong>sepelivit</strong></span> 
     </span>
     <span class='ocr_line' id='line_1_30' title="bbox 433 2721 2380 2798; baseline -0.001 -17"><span class='ocrx_word' id='word_1_218' title='bbox 433 2724 493 2781; x_wconf 92' lang='lat' dir='ltr'><strong>in</strong></span> <span class='ocrx_word' id='word_1_219' title='bbox 523 2721 744 2782; x_wconf 82' lang='lat' dir='ltr'><strong>Sicilia·</strong></span> <span class='ocrx_word' id='word_1_220' title='bbox 770 2723 1011 2797; x_wconf 79' lang='lat' dir='ltr'><strong>bellum,</strong></span> <span class='ocrx_word' id='word_1_221' title='bbox 1057 2722 1326 2783; x_wconf 90' lang='lat' dir='ltr'><strong>Fortuna</strong></span> <span class='ocrx_word' id='word_1_222' title='bbox 1365 2723 1424 2782; x_wconf 91' lang='lat' dir='ltr'><strong>in</strong></span> <span class='ocrx_word' id='word_1_223' title='bbox 1457 2723 1719 2783; x_wconf 85' lang='lat' dir='ltr'><strong>Caesare</strong></span> <span class='ocrx_word' id='word_1_224' title='bbox 1762 2730 1821 2783; x_wconf 92' lang='lat' dir='ltr'><strong>et</strong></span> <span class='ocrx_word' id='word_1_225' title='bbox 1854 2723 2176 2798; x_wconf 89' lang='lat' dir='ltr'><strong>republica</strong></span> <span class='ocrx_word' id='word_1_226' title='bbox 2213 2724 2380 2793; x_wconf 76' lang='lat' dir='ltr'><strong>mitis,</strong></span> 
     </span>
    </p>

    <p class='ocr_par' dir='ltr' id='par_1_8' title="bbox 254 2804 2461 3218">
     <span class='ocr_line' id='line_1_31' title="bbox 254 2804 2383 2882; baseline 0 -20"><span class='ocrx_word' id='word_1_227' title='bbox 254 2811 276 2842; x_wconf 72' lang='lat'>0</span> <span class='ocrx_word' id='word_1_228' title='bbox 377 2809 413 2861; x_wconf 82' lang='lat'><strong>2</strong></span> <span class='ocrx_word' id='word_1_229' title='bbox 433 2807 641 2865; x_wconf 76' lang='lat' dir='ltr'><strong>saeviit</strong></span> <span class='ocrx_word' id='word_1_230' title='bbox 664 2806 743 2864; x_wconf 88' lang='lat' dir='ltr'><strong>ad</strong></span> <span class='ocrx_word' id='word_1_231' title='bbox 760 2804 1094 2866; x_wconf 80' lang='lat' dir='ltr'><strong>Orientem=</strong></span> <span class='ocrx_word' id='word_1_232' title='bbox 1128 2808 1359 2882; x_wconf 90' lang='lat' dir='ltr'><strong>quippe</strong></span> <span class='ocrx_word' id='word_1_233' title='bbox 1380 2806 1680 2866; x_wconf 90' lang='lat' dir='ltr'><strong>Antonius</strong></span> <span class='ocrx_word' id='word_1_234' title='bbox 1713 2821 1849 2866; x_wconf 91' lang='lat' dir='ltr'><strong>cum</strong></span> <span class='ocrx_word' id='word_1_235' title='bbox 1878 2807 2167 2867; x_wconf 90' lang='lat' dir='ltr'><strong>tredecim</strong></span> <span class='ocrx_word' id='word_1_236' title='bbox 2196 2805 2383 2880; x_wconf 87' lang='lat' dir='ltr'><strong>legio-</strong></span> 
     </span>
     <span class='ocr_line' id='line_1_32' title="bbox 437 2888 2382 2965; baseline 0.001 -19"><span class='ocrx_word' id='word_1_237' title='bbox 437 2889 661 2947; x_wconf 88' lang='lat' dir='ltr'><strong>nibus</strong></span> <span class='ocrx_word' id='word_1_238' title='bbox 641 2904 965 2963; x_wconf 77' lang='lat' dir='ltr'><strong>ingressus</strong></span> <span class='ocrx_word' id='word_1_239' title='bbox 993 2890 1345 2949; x_wconf 89' lang='lat' dir='ltr'><strong>Armeniam</strong></span> <span class='ocrx_word' id='word_1_240' title='bbox 1387 2905 1459 2949; x_wconf 89' lang='lat' dir='ltr'><strong>ac</strong></span> <span class='ocrx_word' id='word_1_241' title='bbox 1490 2888 1713 2949; x_wconf 90' lang='lat' dir='ltr'><strong>deinde</strong></span> <span class='ocrx_word' id='word_1_242' title='bbox 1739 2890 2004 2950; x_wconf 87' lang='lat' dir='ltr'><strong>Mediam</strong></span> <span class='ocrx_word' id='word_1_243' title='bbox 2048 2897 2108 2950; x_wconf 93' lang='lat' dir='ltr'><strong>et</strong></span> <span class='ocrx_word' id='word_1_244' title='bbox 2136 2903 2247 2965; x_wconf 88' lang='lat' dir='ltr'><strong>per</strong></span> <span class='ocrx_word' id='word_1_245' title='bbox 2275 2903 2382 2948; x_wconf 89' lang='lat' dir='ltr'><strong>eas</strong></span> 
     </span>
     <span class='ocr_line' id='line_1_33' title="bbox 437 2971 2461 3048; baseline 0 -19"><span class='ocrx_word' id='word_1_246' title='bbox 437 2971 720 3044; x_wconf 87' lang='lat' dir='ltr'><strong>regiones</strong></span> <span class='ocrx_word' id='word_1_247' title='bbox 748 2971 1003 3034; x_wconf 85' lang='lat' dir='ltr'><strong>Parthos</strong></span> <span class='ocrx_word' id='word_1_248' title='bbox 1033 2981 1248 3048; x_wconf 91' lang='lat' dir='ltr'><strong>petens</strong></span> <span class='ocrx_word' id='word_1_249' title='bbox 1275 2972 1490 3033; x_wconf 86' lang='lat' dir='ltr'><strong>habuit</strong></span> <span class='ocrx_word' id='word_1_250' title='bbox 1516 2985 1723 3047; x_wconf 89' lang='lat' dir='ltr'><strong>regem</strong></span> <span class='ocrx_word' id='word_1_251' title='bbox 1752 2989 1962 3034; x_wconf 91' lang='lat' dir='ltr'><strong>eorum</strong></span> <span class='ocrx_word' id='word_1_252' title='bbox 1990 2974 2235 3034; x_wconf 89' lang='lat' dir='ltr'><strong>obvium</strong></span> <span class='ocrx_word' id='word_1_253' title='bbox 2264 2973 2385 3046; x_wconf 85' lang='lat' dir='ltr'><strong>pri·</strong></span> <span class='ocrx_word' id='word_1_254' title='bbox 2456 3016 2461 3021; x_wconf 87' lang='lat'><strong>.</strong></span> 
     </span>
     <span class='ocr_line' id='line_1_34' title="bbox 439 3052 2383 3132; baseline -0.001 -19"><span class='ocrx_word' id='word_1_255' title='bbox 439 3067 663 3129; x_wconf 89' lang='lat' dir='ltr'><strong>moque</strong></span> <span class='ocrx_word' id='word_1_256' title='bbox 694 3055 848 3115; x_wconf 88' lang='lat' dir='ltr'><strong>duas</strong></span> <span class='ocrx_word' id='word_1_257' title='bbox 878 3057 1152 3132; x_wconf 83' lang='lat' dir='ltr'><strong>legiones</strong></span> <span class='ocrx_word' id='word_1_258' title='bbox 1180 3073 1312 3117; x_wconf 89' lang='lat' dir='ltr'><strong>cum</strong></span> <span class='ocrx_word' id='word_1_259' title='bbox 1343 3056 1620 3117; x_wconf 91' lang='lat' dir='ltr'><strong>omnibus</strong></span> <span class='ocrx_word' id='word_1_260' title='bbox 1648 3056 2094 3132; x_wconf 91' lang='lat' dir='ltr'><strong>impedimentis</strong></span> <span class='ocrx_word' id='word_1_261' title='bbox 2124 3052 2383 3117; x_wconf 84' lang='lat' dir='ltr'><strong>tormen-</strong></span> 
     </span>
     <span class='ocr_line' id='line_1_35' title="bbox 437 3138 2388 3238; baseline -0.001 -40"><span class='ocrx_word' id='word_1_262' title='bbox 437 3138 642 3212; x_wconf 89' lang='lat' dir='ltr'><strong>tisque</strong></span> <span class='ocrx_word' id='word_1_263' title='bbox 683 3146 743 3198; x_wconf 90' lang='lat' dir='ltr'><strong>et</strong></span> <span class='ocrx_word' id='word_1_264' title='bbox 772 3138 1042 3200; x_wconf 85' lang='lat' dir='ltr'><strong>Statiano</strong></span> <span class='ocrx_word' id='word_1_265' title='bbox 1085 3141 1284 3238; x_wconf 77' lang='lat' dir='ltr'><strong>legato</strong></span> <span class='ocrx_word' id='word_1_266' title='bbox 1327 3140 1556 3211; x_wconf 83' lang='lat' dir='ltr'><strong>amisit;</strong></span> <span class='ocrx_word' id='word_1_267' title='bbox 1576 3155 1743 3202; x_wconf 86' lang='lat' dir='ltr'><strong>mox</strong></span> <span class='ocrx_word' id='word_1_268' title='bbox 1775 3141 2026 3218; x_wconf 88' lang='lat' dir='ltr'><strong>saepius</strong></span> <span class='ocrx_word' id='word_1_269' title='bbox 2069 3141 2208 3214; x_wconf 93' lang='lat' dir='ltr'><strong>ipse</strong></span> <span class='ocrx_word' id='word_1_270' title='bbox 2251 3154 2388 3198; x_wconf 89' lang='lat' dir='ltr'><strong>cum</strong></span> 
     </span>
    </p>

    <p class='ocr_par' dir='ltr' id='par_1_9' title="bbox 365 3220 2389 3550">
     <span class='ocr_line' id='line_1_36' title="bbox 365 3220 2388 3301; baseline -0.001 -17"><span class='ocrx_word' id='word_1_271' title='bbox 365 3223 378 3264; x_wconf 67' lang='grc' dir='ltr'><em>ῖ</em></span> <span class='ocrx_word' id='word_1_272' title='bbox 441 3238 677 3284; x_wconf 90' lang='lat' dir='ltr'><strong>summo</strong></span> <span class='ocrx_word' id='word_1_273' title='bbox 720 3222 904 3282; x_wconf 88' lang='lat' dir='ltr'><strong>totius</strong></span> <span class='ocrx_word' id='word_1_274' title='bbox 936 3223 1238 3285; x_wconf 85' lang='lat' dir='ltr'><strong>exercitus</strong></span> <span class='ocrx_word' id='word_1_275' title='bbox 1269 3224 1617 3284; x_wconf 86' lang='lat' dir='ltr'><strong>discrimine</strong></span> <span class='ocrx_word' id='word_1_276' title='bbox 1647 3240 1723 3283; x_wconf 91' lang='lat' dir='ltr'><strong>ea</strong></span> <span class='ocrx_word' id='word_1_277' title='bbox 1750 3225 1900 3285; x_wconf 89' lang='lat' dir='ltr'><strong>adiit</strong></span> <span class='ocrx_word' id='word_1_278' title='bbox 1928 3223 2225 3301; x_wconf 87' lang='lat' dir='ltr'><strong>pericula,</strong></span> <span class='ocrx_word' id='word_1_279' title='bbox 2259 3220 2388 3298; x_wconf 90' lang='lat' dir='ltr'><strong>qui-</strong></span> 
     </span>
     <span class='ocr_line' id='line_1_37' title="bbox 439 3306 2389 3384; baseline -0.002 -17"><span class='ocrx_word' id='word_1_280' title='bbox 439 3308 558 3367; x_wconf 89' lang='lat' dir='ltr'><strong>bus</strong></span> <span class='ocrx_word' id='word_1_281' title='bbox 592 3306 822 3367; x_wconf 86' lang='lat' dir='ltr'><strong>servari</strong></span> <span class='ocrx_word' id='word_1_282' title='bbox 848 3321 916 3365; x_wconf 91' lang='lat' dir='ltr'><strong>se</strong></span> <span class='ocrx_word' id='word_1_283' title='bbox 944 3321 1132 3380; x_wconf 89' lang='lat' dir='ltr'><strong>posse</strong></span> <span class='ocrx_word' id='word_1_284' title='bbox 1155 3308 1621 3384; x_wconf 89' lang='lat' dir='ltr'><strong>desperaverat,</strong></span> <span class='ocrx_word' id='word_1_285' title='bbox 1654 3309 2008 3383; x_wconf 87' lang='lat' dir='ltr'><strong>amissaque</strong></span> <span class='ocrx_word' id='word_1_286' title='bbox 2037 3323 2158 3366; x_wconf 90' lang='lat' dir='ltr'><strong>non</strong></span> <span class='ocrx_word' id='word_1_287' title='bbox 2187 3307 2389 3365; x_wconf 90' lang='lat' dir='ltr'><strong>minus</strong></span> 
     </span>
     <span class='ocr_line' id='line_1_38' title="bbox 444 3388 2390 3474; baseline -0.001 -24"><span class='ocrx_word' id='word_1_288' title='bbox 444 3397 660 3464; x_wconf 88' lang='lat' dir='ltr'><strong>quarta</strong></span> <span class='ocrx_word' id='word_1_289' title='bbox 689 3398 860 3466; x_wconf 85' lang='lat' dir='ltr'><strong>parte</strong></span> <span class='ocrx_word' id='word_1_290' title='bbox 879 3388 1130 3449; x_wconf 87' lang='lat' dir='ltr'><strong>militum</strong></span> <span class='ocrx_word' id='word_1_291' title='bbox 1161 3392 1381 3467; x_wconf 89' lang='lat' dir='ltr'><strong>captivi</strong></span> <span class='ocrx_word' id='word_1_292' title='bbox 1414 3392 1758 3474; x_wconf 87' lang='lat' dir='ltr'><strong>cuiusdam,</strong></span> <span class='ocrx_word' id='word_1_293' title='bbox 1790 3392 1903 3451; x_wconf 90' lang='lat' dir='ltr'><strong>sed</strong></span> <span class='ocrx_word' id='word_1_294' title='bbox 1930 3391 2215 3465; x_wconf 87' lang='lat' dir='ltr'><strong>Romani,</strong></span> <span class='ocrx_word' id='word_1_295' title='bbox 2246 3405 2390 3450; x_wconf 90' lang='lat' dir='ltr'><strong>con-</strong></span> 
     </span>
     <span class='ocr_line' id='line_1_39' title="bbox 443 3461 2392 3550; baseline 0.001 -17"><span class='ocrx_word' id='word_1_296' title='bbox 443 3474 580 3535; x_wconf 89' lang='lat' dir='ltr'><strong>silio</strong></span> <span class='ocrx_word' id='word_1_297' title='bbox 606 3491 678 3535; x_wconf 88' lang='lat' dir='ltr'><strong>ac</strong></span> <span class='ocrx_word' id='word_1_298' title='bbox 701 3474 823 3534; x_wconf 88' lang='lat' dir='ltr'><strong>fide</strong></span> <span class='ocrx_word' id='word_1_299' title='bbox 843 3480 1156 3549; x_wconf 78' lang='lat' dir='ltr'><strong>servatuS,</strong></span> <span class='ocrx_word' id='word_1_300' title='bbox 1182 3476 1285 3550; x_wconf 90' lang='lat' dir='ltr'><strong>qui</strong></span> <span class='ocrx_word' id='word_1_301' title='bbox 1308 3475 1483 3535; x_wconf 83' lang='lat' dir='ltr'><strong>clade</strong></span> <span class='ocrx_word' id='word_1_302' title='bbox 1496 3461 1805 3536; x_wconf 88' lang='lat' dir='ltr'><strong>Crassiani</strong></span> <span class='ocrx_word' id='word_1_303' title='bbox 1824 3475 2128 3534; x_wconf 84' lang='lat' dir='ltr'><strong>exercitus</strong></span> <span class='ocrx_word' id='word_1_304' title='bbox 2153 3483 2392 3549; x_wconf 83' lang='lat' dir='ltr'><strong>captuS‚</strong></span> 
     </span>
    </p>
   </div>
  </div>
 </body>
</html>
