2634 3909
677 184 1127 293 'n1sronms
1153 179 1538 253 ROMANAE
1567 190 1650 258 ιι,
1680 196 1768 253 59.
1827 181 1834 190 ’
2091 185 2212 274 ,ιιι

261 347 542 410 dictitans
572 344 720 406 nihil
749 344 1033 422 amplius
1042 341 1277 403 civibus
1305 348 1549 419 praeter
1574 344 1916 421 tyranni—
1943 342 2026 401 ita
2053 340 2213 402 enim

261 428 560 506 appellari
589 429 908 489 Caesarem
961 411 1123 487 fa'cto
1172 425 1307 486 eius
1342 425 1714 502 expediebat
1745 455 1832 468 --
1880 426 2212 502 petendum

263 529 408 575 esse
449 513 833 588 sanguinem)
877 515 1218 571 convocato
1261 516 1508 582 senatu,
1542 525 1680 570 cum
1721 510 1840 572 iam
1878 505 2211 584 Dolabella,

261 613 446 674 quem
475 595 911 658 substituturus
965 594 1079 655 sibi
1121 594 1346 654 Caesar
1393 593 1824 669 designaverat
1875 595 2211 665 consulem,

258 680 449 742 fascis
499 688 683 757 atque
729 678 994 754 insignia
1043 678 1445 774 corripuisset
1473 679 1779 750 consuliS,
1830 673 1998 738 velut
2038 678 2213 752 pacis

260 770 474 824 auctor
501 759 732 825 liberos
763 778 914 823 suos
945 759 1244 823 obsides·
1228 777 1289 821 ιιι
1322 760 1679 836 Capitolium
1709 761 1875 822 misit
1902 761 2224 836 fidemque-

260 847 681 909 descendendi
720 853 849 908 tuto
890 844 1379 907 interfectoribus
1421 843 1724 906 Caesaris
1732 845 1934 914 dedit,
1976 852 2037 906 et
2062 844 2212 906 illud

259 932 488 992 decreti
528 928 991 991 Atheniensium
1031 928 1408 990 celeberrimi
1449 931 1827 1006 exemplum,
1880 925 2137 989 relatum
2178 943 2215 987 a

261 1014 574 1088 Cicerone,
605 1013 928 1092 oblivionis
958 1012 1422 1089 praeteritarum
1464 1028 1686 1073 rerum
1695 1015 1944 1075 decreto
1974 1019 2212 1088 patrum
2277 1021 2281 1025 ·

262 1098 723 1174 comprobatum
756 1106 869 1159 est.
1044 1147 1057 1152 ,

426 1180 572 1241 LIX.
660 1179 940 1244 Caesaris
963 1137 1186 1242 deinde
1208 1187 1635 1241 testamentum
1649 1187 1929 1257 apertum
1950 1186 2062 1254 est,
2090 1175 2222 1254 quo
2241 1188 2267 1238 1
2314 1205 2319 1214 ·

262 1266 323 1327 C.
351 1264 694 1341 Octavium,
724 1272 1010 1362 nepotem
1041 1264 1275 1326 sororis
1304 1279 1457 1325 suae
1483 1261 1703 1339 Iuliae,
1732 1263 2081 1341 adoptabat
2123 1262 2214 1323 De

259 1350 432 1410 cuius
463 1350 729 1426 origine,
757 1346 995 1411 etiamsi
1017 1349 1341 1426 praenitet,
1371 1362 1572 1424 pauca
1589 1346 1853 1408 dicenda
1878 1343 2036 1408 sunt.
2078 1346 2216 1408 Fuit
2227 1331 2282 1405 2-

259 1434 321 1494 C.
342 1432 633 1495 Octavius
657 1440 872 1494 utnon
899 1432 1169 1508 patricia,
1196 1430 1623 1494 itaadmodum
1638 1432 1928 1508 speciosa
1940 1430 2214 1508 equestri

255 1518 499 1594 genitus
528 1517 786 1592 familia,
836 1516 1077 1592 graviS,
1132 1524 1417 1589 sanctuS,
1466 1517 1793 1591 innocens,
1844 1514 2042 1592 dives.
2098 1513 2213 1573 Hic

256 1608 507 1678 praetor
534 1600 690 1660 inter
718 1600 1139 1661 nobilissimos
1161 1599 1332 1661 viros
1363 1606 1604 1660 creatus
1645 1599 1842 1675 primo
1872 1600 2009 1659 loco
2027 1642 2044 1669 ‚
2073 1612 2214 1658 cum

259 1684 317 1745 ei
345 1684 615 1761 dignatio
644 1682 799 1744 Iulia
837 1683 1099 1760 genitam
1143 1681 1344 1743 Atiam
1388 1682 1778 1742 conciliasset
1817 1696 2104 1753 uxorem,
2135 1693 2214 1739 ex

259 1785 336 1830 eo
364 1767 601 1829 honore
625 1769 875 1830 sortitus
896 1766 1321 1828 Macedoniam
1343 1767 1814 1842 appellatusque
1842 1765 1904 1824 in
1927 1779 2002 1825 ea
2023 1765 2213 1838 impe·

255 1859 454 1926 rator,
476 1851 787 1913 decedens
808 1852 885 1913 ad
909 1849 1262 1927 petitionem
1286 1851 1646 1912 consulatus
1667 1847 1817 1910 obiit
1834 1854 2214 1925 praetextato
2279 1898 2284 1905 .

256 1937 472 1997 relicto
499 1935 647 1997 filio.
703 1936 892 2011 Quem
919 1936 983 1996 C
1009 1935 1264 2009 Caesar,
1293 1935 1489 1994 maior
1515 1934 1648 1993 eius
1677 1933 2036 2006 avunculus,
2066 1930 2212 1991 edu
2237 1936 2274 1992 3

260 2026 459 2080 catum
486 2020 655 2095 apud
680 2019 1026 2096 Philippum
1045 2019 1328 2080 vitricum
1347 2017 1561 2079 dilexit
1585 2025 1660 2079 ut
1683 2033 1864 2078 suum
1885 2014 2228 2100 natumque

263 2112 460 2165 annos
512 2104 931 2179 duodeviginti
959 2102 1388 2179 Hispaniensis
1437 2101 1686 2163 militiae
1732 2097 2090 2162 adsecutum
2143 2113 2228 2159 se

259 2194 482 2264 postea
513 2189 793 2250 comitem
820 2187 1058 2260 habuit,
1100 2202 1413 2261 nunquam
1455 2194 1562 2247 aut
1588 2185 1709 2246 alio
1735 2201 1917 2247 usum
1940 2182 2212 2270 hospitio

261 2287 440 2347 quam
472 2288 587 2332 suo
616 2277 720 2331 aut
733 2272 852 2332 alio
868 2278 1106 2331 vectum
1132 2270 1447 2343 vehiculo,
1477 2269 1994 2345 pontificatusque
2007 2282 2212 2328 sacer·

261 2356 429 2416 dotio
480 2370 736 2431 puerum
784 2344 1124 2416 honoravit
1179 2354 1257 2416 Et
1297 2353 1565 2430 patratis
1595 2352 1774 2413 bellis
1805 2349 2084 2413 civilibus
2133 2351 2230 2436 ad
2234 2351 2280 2404 4

259 2439 658 2502 erudiendam
685 2438 1037 2499 liberalibus
1056 2433 1406 2514 disciplinis
1422 2429 1749 2514 singularis
1763 2435 2060 2500 indolem
2045 2449 2230 2498 mve-

257 2523 354 2582 nis
382 2523 771 2598 Apolloniam
813 2538 955 2583 eum
996 2523 1057 2582 iu
1088 2520 1291 2582 studia
1325 2521 1605 2596 miserat,
1647 2537 1793 2582 mox
1833 2520 1978 2580 belli
2020 2516 2212 2577 Getici

261 2621 337 2664 ac
377 2605 598 2668 deinde
636 2606 897 2668 Parthici
932 2605 1249 2666 habiturus
1301 2603 1788 2668 commilitonem.
1860 2601 1969 2663 Cui
2008 2609 2076 2661 ut
2117 2606 2214 2659 est
2233 2608 2267 2661 5
2369 2619 2372 2622 ·

259 2689 592 2751 nuntiatum
623 2692 702 2752 de
731 2692 922 2754 caede
953 2689 1267 2761 avunculi,
1297 2705 1432 2750 cum
1462 2689 1741 2765 protinus
1771 2702 1852 2745 ex
1879 2684 2097 2748 vicinis
2127 2685 2210 2764 le-

260 2771 546 2846 gionibus
576 2776 965 2835 centuriones
994 2781 1170 2844 suam
1192 2788 1567 2850 suorumque
1597 2771 1849 2832 militurn
1872 2784 2122 2845 operam
2155 2759 2215 2827 ei‘

164 2896 174 2906 -
257 2856 694 2930 pollicerentur
753 2873 954 2933 neque
1019 2875 1156 2918 eam
1223 2856 1637 2933 spernendam
1706 2852 2096 2915 Salvidienus
2152 2860 2214 2913 et

201 3016 206 3022 ·
254 2938 537 3016 Agrippa
549 2941 848 3015 dicerent,
874 2942 975 3001 ille
995 2941 1291 3004 festinans
1317 2955 1639 3017 pervenire
1650 2956 1711 2999 ιιι
1736 2938 1947 2998 urbem
1971 2953 2210 2999 omnem

257 3021 536 3084 ordinem
565 3042 639 3085 ac
659 3024 954 3086 rationem
979 3035 1050 3088 et-
1067 3024 1237 3086 necis
1266 3035 1329 3086 et
1355 3023 1696 3087 testamenti
1709 3022 2015 3083 Brundusi
2047 3038 2209 3083 com-

254 3107 433 3186 perit,
494 3108 601 3170 Cui
629 3108 976 3170 adventanti
996 3110 1252 3172 Romam
1280 3107 1560 3170 immanis
1589 3107 1919 3168 amicorum
1950 3106 2213 3167 occurrit
2233 3107 2270 3162 6

255 3191 633 3269 frequentia,
664 3199 724 3254 et
754 3208 890 3254 cum
919 3193 1196 3268 intraret«,
1226 3197 1396 3256 circa
1413 3194 1614 3266 orbem
1640 3193 1791 3252 solis
1822 3188 1989 3252 orbis
2020 3202 2233 3263 super·

257 3282 443 3352 caput
470 3278 604 3350 eius
634 3277 920 3339 curvatus
949 3278 1283 3354 aequaliter
1319 3277 1808 3352 rotundatusque
1848 3275 1908 3335 in
1941 3274 2207 3333 colorem

256 3374 439 3435 arcus
469 3363 636 3424 velut
664 3378 956 3425 coronam
982 3363 1131 3422 tanti
1155 3379 1297 3422 mox
1323 3361 1449 3421 .viri
1487 3360 1669 3435 capiti
1698 3359 2019 3435 imponens
2063 3369 2207 3413 cen-

256 3452 510 3517 spectus
541 3455 655 3508 est.

1795 3523 1877 3583 ‘4¹⁰‘
