2634 3909
417 179 503 245 62
957 182 1039 244 Μ.
1083 179 1368 246 VELLEI
1409 182 1843 249 PATERCULI

421 334 795 405 concedere3
845 335 906 396 in
959 350 1083 412 quo
1122 343 1325 398 tamen
1370 337 1614 398 animus
1662 336 1904 414 inquies
1954 353 2203 400 manere
2251 355 2376 399 non

361 431 398 487 3
418 420 632 496 potuit.
673 418 742 479 Id
764 435 953 482 unum
973 420 1393 482 tantummodo
1418 422 1685 487 salutare
1708 420 1975 484 adventu
1998 438 2113 484 suo
2144 423 2379 497 patriae

420 503 643 577 attulit,
674 503 845 579 quod
873 502 1158 565 omnibus
1180 503 1546 581 proscriptis
1570 505 1859 582 aliisque,
1892 506 1995 582 qui
2025 506 2105 566 ad
2128 522 2267 567 eum
2296 521 2375 568 ex

420 587 682 648 diversis
709 587 917 648 causis
942 587 1247 664 fugerant,
1284 588 1544 652 reditum
1574 590 1955 665 salutemque
1991 597 2208 665 pactus
2247 597 2379 659 est;

422 687 582 747 quae
607 679 786 733 reset
812 671 966 732 alios
992 672 1369 734 clarissimos
1394 673 1564 738 viros
1591 679 1653 734 et
1666 672 1967 734 Neronem
1981 670 2298 735 'Claudium
2315 681 2377 734 et
2488 701 2500 712 ·

416 755 502 817 M.
544 754 814 817 Silanum
846 753 1242 834 Sentiumque
1283 756 1672 820 Saturninum
1713 763 1774 818 et
1798 758 2149 819 Arruntium
2177 773 2250 819 ac
2278 757 2373 818 Ti-

363 851 400 906 4
419 838 567 901 tium
615 837 877 901 restituit
920 840 1313 915 reipublicae.
1382 839 1637 903 Statium
1676 847 1882 904 autem
1917 840 2220 916 Murcum,
2266 842 2375 917 qui

419 923 687 985 adventu
716 939 831 984 suo
861 924 1209 1001 classisque
1231 924 1666 986 celeberrimae
1688 926 1836 987 viris
1863 926 1998 987 eius
2020 925 2373 1001 duplicave-

416 1014 543 1082 rat,
569 1006 995 1070 insimulatum
1009 1008 1181 1070 falsis
1212 1007 1773 1082 criminationibuS‚
1796 1008 1943 1086 quia
1968 1010 2148 1072 talem
2176 1010 2372 1069 virum

420 1054 715 1166 collegam
742 1090 908 1153 offici
926 1092 1108 1153 Mena
1129 1100 1189 1154 et
1208 1092 1593 1156 Menecrates
1614 1092 2020 1168 fastidierant,
2043 1093 2373 1169 Pompeius

417 1176 481 1237 in
515 1174 720 1237 Sicilia
746 1176 1149 1238 interfecerat.

362 1280 393 1332 1
582 1258 899 1324 LXXVIII.
966 1261 1102 1322 Hoc
1129 1267 1328 1321 tractu
1355 1269 1700 1337 temporum
1723 1260 2065 1335 Octaviam,
2097 1275 2374 1323 sororem

421 1342 733 1417 Caesaris,
761 1344 841 1404 M.
871 1345 1175 1405 Antonius
1202 1344 1380 1407 duxit
1406 1359 1681 1407 uxorem.
1738 1345 2028 1408 Redierat
2045 1343 2374 1420 Pompeius

417 1427 480 1487 iu
521 1426 819 1499 Siciliam,
849 1426 1162 1489 'Antonius
1203 1428 1265 1488 in
1305 1428 1745 1490 transmarinas
1785 1428 2167 1505 provincias,
2206 1444 2370 1503 ,quas

383 1543 387 1548 ·
416 1508 654 1587 magnis
684 1510 1049 1574 molimentis
1082 1511 1391 1574 Labienus
1407 1559 1423 1586 ,
1458 1528 1538 1574 ex
1569 1513 1876 1574 Brutianis
1906 1513 2126 1574 castris
2170 1513 2372 1588 profe·

420 1603 553 1657 ctus
584 1596 663 1657 ad
675 1594 950 1671 Parthos,
979 1597 1281 1673 producto
1311 1613 1521 1659 eorum
1550 1597 1906 1661 exercituin
1923 1596 2164 1674 Syriam
2193 1598 2371 1657 inter·

418 1680 706 1757 sectoque
745 1682 950 1757 legato
985 1682 1215 1743 Antoni
1244 1688 1676 1751 concusserat3
1721 1683 1827 1757 qui
1857 1681 2074 1742 virtute
2102 1688 2164 1740 et
2189 1681 2377 1741 ductu

417 1763 664 1826 Ventidi
691 1779 816 1827 una
841 1781 981 1827 cum
1010 1766 1367 1827 Parthorum
1408 1764 1605 1842 copiis
1645 1764 2164 1839 celeberrimoque
2191 1764 2372 1824 iuve-

362 1856 397 1909 2
419 1864 565 1910 num
576 1847 841 1923 Pacoro,
869 1850 1034 1925 regis
1064 1850 1219 1923 filio,
1249 1851 1556 1911 extinctus
1585 1856 1699 1911 est.
1755 1849 1997 1911 Interim
2012 1848 2236 1909 Caesar
2264 1862 2376 1923 per

419 1931 573 1996 haee
602 1941 881 2009 tempora
908 1949 987 1994 ne
1012 1949 1116 1996 res
1145 1933 1510 2009 disciplinae
1535 1931 1980 2010 inimicissima,
2025 1932 2211 1994 otium
2240 1946 2372 1993 cor·

417 2023 734 2091 rumperet
757 2015 1033 2093 militem,
1063 2016 1295 2079 crebris
1325 2017 1386 2077 in
1416 2016 1663 2095 Illyrico
1676 2017 2096 2092 Delmatisque
2125 2014 2373 2090 expedi·

419 2099 687 2161 tionibus
718 2099 1004 2174 patientia
1031 2099 1443 2176 periculorum
1481 2102 1749 2177 bellique
1791 2099 2164 2177 experientia
2192 2098 2374 2159 dura-

361 2189 398 2245 3
419 2183 524 2254 bat
551 2185 906 2244 exercitum.
938 2183 1170 2246 Eadem
1198 2192 1563 2261 tempestate
1589 2186 1877 2247 Calvinus
1907 2183 2206 2245 Domitius
2235 2197 2374 2244 cum

419 2282 499 2328 ex
530 2268 855 2330 consulatu
883 2267 1184 2332 obtineret
1206 2268 1596 2345 Hispaniam,
1638 2268 1988 2345 gravissimi
2017 2281 2373 2365 comparan-

421 2351 608 2426 dique
636 2351 903 2428 antiquis
926 2354 1190 2429 exempli
1215 2361 1431 2416 auctor
1458 2355 1599 2415 fuit.
1629 2354 1862 2429 quippe
1892 2352 2067 2427 primi
2096 2350 2203 2426 pili
2234 2365 2374 2412 cen·

336 2486 345 2503 .
420 2437 721 2497 turionem
754 2436 999 2498 nomine
1018 2437 1328 2500 Vibillium
1359 2438 1439 2498 ob
1465 2445 1704 2544 turpem
1727 2451 1805 2498 ex
1836 2436 1969 2496 acie
1996 2435 2202 2509 fugam
2226 2432 2374 2494 fusti

422 2519 749 2597 percussit.

365 2617 396 2669 1
586 2605 848 2667 LXXIX.
934 2604 1304 2667 Crescente
1287 2621 1351 2667 in
1380 2605 1515 2666 dies
1545 2613 1606 2665 et
1627 2604 1829 2664 classe
1851 2609 1915 2662 et
1939 2600 2102 2661 tama
2120 2598 2377 2677 Pompei

423 2689 651 2750 Caesar
687 2691 911 2752 molem
949 2688 1094 2750 belli
1130 2690 1280 2751 eius,
1307 2690 1630 2763 suscipere
1670 2685 1896 2746 statuit.
1953 2684 2376 2748 Aedificandis

421 2771 685 2836 navibus
735 2772 1278 2849 contrahendoque
1325 2770 1496 2835 militi
1543 2785 1616 2831 ac
1663 2769 1875 2844 remigi
1928 2769 2378 2844 navalibusque

424 2856 853 2919 adsuescendo
902 2856 1334 2919 certaminibus
1384 2864 1569 2931 atque
1617 2853 2159 2916 exercitationibus
2200 2867 2376 2928 prae-

423 2939 619 3000 fectus
650 2949 746 3002 est
764 2941 846 3001 M.
873 2938 1154 3017 Agrippa
1181 2939 1422 3002 virtutis
1451 2937 1900 3013 nobilissimae,
1944 2938 2189 3011 labore,
2229 2935 2377 3010 vigi-

421 3021 532 3093 lia,
567 3024 838 3098 periculo
857 3023 1149 3100 invictus,
1176 3024 1587 3101 parandique,
1616 3022 1732 3088 'sed
1754 3023 1887 3097 uni,
1911 3020 2376 3090 scientissimus,

425 3067 560 3168 alii’s
590 3123 742 3168 sane
761 3109 1099 3184 imperandi
1129 3109 1391 3185 cupidus
1414 3116 1474 3169 et
1494 3122 1607 3184 per
1629 3108 1833 3170 omnia
1859 3114 2033 3168 extra
2053 3103 2375 3164 dilationes

366 3194 401 3247 2
424 3192 678 3266 positus,
698 3192 1120 3269 consultisque
1148 3194 1310 3253 facta
1337 3192 1738 3266 coniungens
1790 3189 1946 3250 Hic
1929 3206 1990 3250 ιιι
2023 3191 2272 3248 Averno
2303 3199 2378 3244 ac

423 3274 688 3336 Lucrino
737 3277 876 3336 lacu
926 3276 1391 3352 speciosissima
1442 3276 1644 3336 classe
1692 3272 1984 3335 fabricata
2033 3268 2378 3332 cottidianis

426 3360 966 3424 exercitationibus
993 3360 1239 3422 militem
1266 3358 1684 3433 remigemque
1708 3357 1788 3420 ad
1815 3369 2108 3418 summam
2138 3359 2201 3412 et
2226 3351 2379 3426 mili-

424 3446 572 3506 taris
589 3454 648 3506 et
661 3445 994 3506 maritimae
1006 3444 1096 3504 rei
1109 3442 1396 3519 perduxit
1409 3442 1741 3504 scientiam.
1788 3440 1918 3501 Hac
1933 3438 2117 3500 classi
2135 3419 2380 3512 Caesar,
