2634 3909
417 217 1031 284 2401u
1075 213 1357 281 VELLEI
1396 193 1825 282 PATERCULI

421 373 710 436 Romanis
752 339 937 433 fidem
973 365 1294 454 praestitit,
1338 378 1405 432 ut
1442 375 1579 431 cum
1616 372 1858 450 legione
1901 373 2083 448 quam
2125 373 2260 449 ipse
2293 375 2360 434 in

419 457 690 533 Hirpinis
718 457 1198 530 conscripserat,
1239 456 1687 515 Herculaneum
1715 456 1893 515 simul
1924 472 2061 515 cum
2088 453 2153 515 Τ.
2183 455 2357 517 Didio

423 548 685 616 caperet,
712 540 1038 616 Pompeios
1069 554 1204 599 cum
1223 539 1288 598 L.
1315 537 1483 598 Sulla
1507 546 1890 618 oppugnaret
1912 539 2358 616 Compsamque

422 632 782 699 occuparem
819 624 1020 697 (cuius
1052 624 1129 682 de
1158 621 1475 690 virtutibus
1508 637 1642 682 cum
1673 617 1798 695 alii,
1825 628 1953 682 tum
1982 622 2244 682 maxime
2269 624 2357 682 di-

419 708 628 769 lucide
648 708 714 782 Ω.
743 703 1104 768 Hortensius
1135 707 1193 766 in
1224 704 1542 766 annalibus
1583 706 1713 766 suis
1751 706 2013 778 retulit,)
2063 708 2234 768 cuius
2273 707 2364 771 illi

423 791 626 867 pietati
668 792 910 866 plenam
951 780 1216 866 populus
1259 783 1570 850 Romanus
1621 789 1880 864 gratiam
1915 791 2113 850 retulit
2152 789 2359 865 ipsmn

418 875 639 935 viritim
667 876 908 952 civitate
950 874 1268 947 donando,
1321 873 1500 956 d‘uos
1515 872 1682 932 filios
1727 873 1858 933 eius
1890 873 2173 933 creando
2183 877 2357 949 prae-

355 969 392 1024 3
418 950 604 1030 tores,
635 973 771 1017 cum
803 957 933 1018 seni
963 957 1163 1017 adhuc
1193 920 1558 1015 crearentur
1608 955 1752 1015 Tam
1777 956 1946 1016 varia
1975 962 2156 1050 atque
2185 963 2358 1017 atrox
2444 960 2450 965 ’

383 1043 660 1103 fortuna
686 1040 874 1100 Italici
905 1040 1044 1100 belli
1074 1041 1213 1114 suit,
1263 1047 1350 1100 ut
1371 1053 1481 1114 per
1523 1037 1846 1099 biennium
1858 1037 2204 1108 continuum
2234 1040 2361 1100 duo

418 1109 675 1185 Romani
717 1126 1034 1198 consuleS,
1084 1086 1345 1184 Rut'ilius
1389 1139 1463 1182 ac
1506 1122 1726 1182 deinde
1767 1122 1911 1184 Cato
1951 1121 2230 1197 PorciuS‚
2281 1123 2360 1183 ab

418 1208 697 1283 hostibus
730 1208 1177 1279 occiderentur,
1209 1205 1514 1266 exercitus
1546 1207 1755 1281 populi
1784 1207 2041 1266 Romani
2069 1170 2314 1267 mult’is
2300 1223 2361 1265 111

419 1292 573 1351 locis
605 1292 1026 1365 funderentur,
1067 1298 1257 1386 utque
1285 1291 1364 1350 ad
1394 1306 1545 1364 saga
1579 1289 1784 1348 iretur
1799 1288 2071 1365 diuque
2056 1308 2116 1349 ιιι
2146 1306 2221 1351 33
2253 1290 2360 1349 ha-

418 1367 546 1442 bitu
588 1377 950 1434 maneretur
1010 1374 1202 1450 Caput
1240 1374 1455 1449 imperi
1499 1373 1592 1432 sui
1621 1373 1945 1433 Corfinium
1974 1375 2244 1448 legerant
2273 1382 2361 1433 at·

355 1468 392 1519 4
421 1473 541 1532 que
581 1459 958 1554 appellarant
984 1458 1266 1520 Italicam.
1322 1457 1612 1516 Paulatim
1645 1456 1866 1516 deinde
1905 1457 2255 1532 recipiendo
2296 1458 2363 1516 in

421 1541 721 1601 civitatem
748 1541 850 1616 qui
879 1557 1047 1600 arma
1077 1539 1181 1601 a'ut
1206 1556 1330 1600 non
1353 1546 1645 1618 ceperant
1672 1549 1774 1600 aut
1794 1541 2207 1614 deposuerant
2232 1556 2362 1599 ma-

415 1627 645 1698 turiuS,
695 1624 860 1684 vires
899 1623 1171 1684 resectae
1219 1631 1362 1684 sunt
1399 1623 1685 1698 Pompeio
1731 1623 2022 1698 Sullaque
2071 1632 2130 1684 et
2166 1623 2363 1683 Mario

417 1707 704 1769 fluentem
727 1707 1348 1808 procumbentemque
1369 1707 1807 1812 rempublicam
1828 1708 2158 1768 Romanam
2185 1706 2362 1766 resti-

416 1792 742 1854 tuentibus.

355 1890 388 1941 1
577 1876 764 1935 XVII.
807 1874 1001 1934 Finito
1033 1890 1112 1932 ex
1143 1847 1406 1932 maxima
1435 1879 1637 1949 parte,
1681 1873 1799 1933 nisi
1830 1838 1950 1948 qua
1976 1872 2191 1933 Nolani
2217 1872 2364 1932 belli

415 1958 744 2017 manebant
779 1958 1105 2032 reliquiae
1156 1956 1365 2016 Italico
1407 1956 1604 2030 bello,
1648 1973 1770 2031 quo
1816 1957 2072 2032 quidem'
2101 1955 2364 2017 Romani

416 2040 595 2101 victis
636 2037 1020 2115 adflictisque
1059 2038 1181 2115 ipsi
1222 2041 1514 2100 exarmati
1560 2054 1741 2114 quam
1791 2041 2007 2115 integri
2054 2041 2361 2100 universis

417 2124 716 2184 civitatem
735 2124 879 2183 dare
899 2124 1252 2196 maluerunt,
1267 2125 1645 2185 consulatum
1669 2123 1931 2184 inierunt
1953 2124 2017 2198 Ω.
2034 2124 2361 2198 Pompeius

358 2212 479 2266 et
505 2207 573 2267 L.
606 2207 916 2276 Cornelius
960 2204 1154 2278 Sulla,
1203 2207 1319 2266 vir
1344 2206 1448 2281 qui
1489 2222 1690 2292 neque
1727 2209 1806 2267 ad
1847 2207 2027 2270 finem
2067 2207 2362 2267 victoriae

418 2290 570 2351 satis
619 2281 917 2364 laudan,
911 2302 1135 2374 neque
1184 2295 1330 2380 post
1375 2287 1687 2350 victoriam
1738 2289 1981 2350 abunde
2026 2281 2361 2364 'vituperari

357 2389 390 2441 2
416 2381 639 2450 potest.
685 2373 795 2433 Hic
826 2380 1005 2433 natus
1036 2363 1260 2432 familia
1288 2369 1494 2446 nobili,
1526 2381 1737 2435 sextus
1770 2390 1806 2433 a
1836 2374 2112 2434 Cornelio
2133 2372 2361 2458 Rufino

419 2458 523 2533 qui
563 2458 726 2517 bello
766 2447 982 2536 Pyrrhi
1030 2457 1184 2515 inter
1226 2457 1655 2518 celeberrimos
1704 2451 1903 2517 fuerat
1948 2455 2169 2530 duceS,
2220 2452 2363 2518 cum

420 2541 682 2601 familiae
711 2540 842 2600 eius
874 2535 1169 2605 claritudo
1201 2539 1546 2600 intermissa
1576 2548 1770 2616 esset,
1805 2539 1932 2601 diu
1925 2540 2019 2600 ita
2048 2556 2117 2600 33
2130 2539 2358 2614 gessit,

414 2632 485 2684 ut
510 2625 736 2685 nullam
766 2624 1011 2700 petendi
1051 2625 1432 2684 consulatum
1470 2624 1894 2708 cogitationem
1935 2624 2161 2684 habere
2183 2622 2359 2681 vide-

352 2722 389 2775 3
416 2716 606 2768 retur·
659 2708 882 2768 deinde
922 2716 1066 2783 post
1104 2714 1447 2782 praeturam
1490 2698 1843 2786 inlustratus
1870 2708 2030 2767 bello
2060 2707 2268 2766 Italico
2299 2713 2362 2765 et

417 2798 556 2850 ante
594 2790 654 2850 in
689 2792 897 2851 Gallia
920 2791 1220 2865 legatione
1263 2792 1377 2851 sub
1406 2785 1629 2865 Mario,
1682 2806 1804 2865 qua
1846 2789 2359 2860 eminentissimos

417 2874 608 2933 duces
635 2874 900 2936 hostium
927 2875 1196 2947 fuderat,
1236 2890 1310 2933 ex
1343 2889 1640 2935 successu
1670 2875 1950 2934 animum
1962 2874 2223 2949 sumpsit
2248 2886 2357 2947 pe—

415 2965 676 3030 tensque
692 2960 1071 3034 consulatum
1087 2973 1285 3032 paene
1308 2957 1571 3034 omnium
1589 2957 1807 3017 civium
1832 2956 2137 3032 suffragiis
2162 2958 2358 3016 sactus

415 3049 542 3110 est;
594 3041 706 3100 sed
743 3058 879 3101 eum
919 3040 1215 3138 honorem
1242 3041 1918 3118 undequinquagesimo
1950 3041 2162 3101 aetatis
2195 3047 2360 3098 suae

414 3140 576 3185 anno
604 3125 935 3195 adsecutus
967 3132 1078 3185 est

351 3228 381 3280 1
568 3197 782 3269 XVIII.
850 3206 967 3268 Per
1008 3224 1083 3267 ea
1121 3201 1401 3290 tempora
1437 3183 1849 3282 Mithridates,
1899 3206 2186 3267 Ponticus
2225 3220 2359 3277 rex,

411 3291 506 3352 vir
533 3307 737 3366 neque
767 3291 1039 3351 silendus
1067 3308 1305 3390 neque
1299 3291 1598 3351 dicendus
1628 3290 1763 3351 sine
1794 3305 1966 3364 cura,
1996 3287 2157 3349 bello
2185 3302 2358 3348 acer-

408 3376 631 3451 rimus,
660 3375 878 3435 virtute
909 3376 1196 3449 eximius,
1206 3361 1557 3450 aliquando
1585 3375 1855 3449 fortuna,
1886 3388 2132 3448 semper
2155 3370 2358 3430 animo
2439 3435 2442 3440 ,

407 3462 739 3533 maximuS,
785 3458 1054 3519 consiliis
1101 3460 1257 3531 dux,
1299 3460 1473 3519 miles
1514 3473 1725 3530 manu,
1769 3419 1912 3519 od’io
1955 3457 2017 3515 in
2045 3458 2361 3517 Romanos
