2634 3909
585 267 590 272 ἱ
685 183 1106 247 msromAE
1148 184 1536 250 ROMANAE
1579 185 1663 258 11,
1704 194 1793 249 so.
2127 186 2212 250 os

258 353 391 400 cum
421 337 596 412 prius
623 336 1050 414 despondente
1081 336 1136 396 ei
1164 334 1441 411 Nerone,
1477 338 1577 400 cui
1609 345 1748 399 ante
1776 344 1973 413 nupta
1995 339 2209 413 fuerat,

253 418 513 495 Liviam,
544 422 878 497 auspicatis
899 418 1273 499 reipublicae
1299 421 1604 484 ominibus
1617 422 1899 484 duxisset
1911 437 2044 481 eam
2057 439 2210 484 uxo·

252 520 416 579 rem,
443 503 740 581 Pompeio
771 505 1140 579 Siciliaeque
1179 502 1402 564 bellum
1432 504 1648 566 intulit.
1720 504 1843 566 Sed
1875 505 2070 566 virum
2099 505 2210 567 hu·
2234 512 2273 569 3

252 602 437 649 mana
459 604 578 663 ope
601 589 887 650 invictum
911 587 1175 664 graviter
1197 602 1273 647 eo
1296 593 1575 665 ternpore
1598 591 1840 651 fortuna
1868 590 2211 652 concussitz

258 672 491 749 quippe
531 674 716 750 longe
744 673 1035 737 maiorem
1079 678 1314 747 partem
1343 672 1561 734 classis
1594 672 1758 736 circa
1784 673 2023 734 Veliam
2056 673 2209 738 Pali-

256 757 517 833 nurique
549 755 1030 832 promontorium
1058 755 1275 828 adorta
1299 755 1398 818 vis
1428 755 1619 818 Africi
1657 757 1953 818 laceravit
1980 771 2053 816 ac
2084 758 2208 818 dis-

252 840 403 902 tulit.
445 840 536 900 Ea
563 840 863 915 patrando
904 839 1069 902 bello
1094 854 1267 900 mora
1296 838 1436 913 fuit,
1480 839 1648 916 quod
1688 847 1907 916 postea
1940 839 2127 901 dubia
2156 848 2273 905 et4

252 925 555 986 interdum
576 924 822 999 ancipiti
844 922 1084 984 fortuna
1097 930 1340 999 gestum
1362 931 1486 983 est.
1472 946 1486 961 ·
1510 941 1651 986 nam
1674 932 1734 990 et
1756 924 1977 986 classis
1991 925 2212 985 eodem

251 1010 395 1070 loco
423 1016 644 1070 vexata
664 1015 762 1069 est
785 1013 1146 1083 tempestate
1163 1013 1222 1066 et
1240 1014 1307 1070 ut
1335 1006 1537 1072 navali
1560 1007 1756 1083 primo
1780 1007 2016 1084 proelio
2045 1007 2213 1083 apud

250 1090 456 1169 Mylas
488 1092 674 1152 ductu
702 1090 1018 1167 Agrippae
1051 1099 1384 1187 pugnatum
1415 1106 1744 1188 prospere,
1785 1092 1869 1152 ita
1896 1092 2213 1187 inopinato

255 1176 478 1238 classis
517 1176 783 1237 adventu
821 1176 1028 1251 gravis
1070 1175 1186 1236 sub
1238 1174 1437 1250 ipsius
1479 1174 1760 1236 Caesaris
1813 1176 2006 1237 oculis
2049 1175 2214 1235 circa

251 1260 722 1321 Tauromenium
763 1267 1024 1338 accepta
1060 1258 1312 1328 cladesz'
1345 1274 1548 1336 neque
1588 1260 1667 1320 ab
1707 1260 1851 1335 ipso
1879 1260 2211 1335 periculum

254 1343 466 1405 abfuit.
537 1343 874 1422 Legiones,
919 1358 1080 1419 quae
1110 1358 1246 1402 cum
1275 1342 1605 1413 Cornificio
1632 1349 1804 1403 erant
1830 1344 2032 1418 legato
2063 1343 2211 1403 Gae—

256 1428 448 1501 sariS,
490 1426 813 1503 expositae
851 1427 912 1486 in
950 1432 1196 1508 terram,
1216 1441 1427 1501 paene.
1456 1443 1495 1487 a
1532 1427 1826 1504 Pompeio
1868 1442 2215 1503 oppressae

256 1518 421 1572 sunt.
493 1508 619 1570 Sed
649 1509 929 1585 ancipitis
957 1511 1202 1571 fortuna
1227 1512 1522 1585 temporis
1552 1519 1787 1574 mature
1827 1510 2050 1573 virtute
2078 1526 2213 1571 cor-
2236 1524 2272 1577 5

253 1601 456 1655 recta=
497 1593 817 1670 explicatis
848 1587 1080 1670 quippe
1105 1591 1431 1669 utriusque
1458 1594 1647 1670 partis
1679 1593 1985 1655 classibus
2014 1608 2216 1668 paene

256 1676 544 1748 omnibus
590 1685 811 1758 exutus
847 1677 1122 1740 'navibus
1169 1675 1499 1752 Pompeius
1547 1679 1773 1744 Asiam
1812 1678 1956 1752 fuga
2006 1676 2217 1751 petivit

255 1762 560 1837 iussuque
584 1760 666 1823 M.
690 1761 955 1835 Antoni,
999 1762 1174 1839 cuius
1204 1775 1386 1837 opem
1418 1761 1701 1836 petierat,
1745 1762 1889 1822 dum
1920 1760 2075 1821 inter
2103 1760 2213 1820 du-

253 1861 393 1910 cem
432 1852 493 1924 et
521 1844 862 1920 supplicem
902 1845 1296 1910 tumultuatur
1324 1851 1384 1904 et
1411 1861 1572 1906 nunc
1601 1844 1952 1919 dignitatem
1979 1841 2215 1917 retinet,

254 1944 424 1992 nunc
443 1929 628 1990 vitam
653 1937 966 2006 precatur,
1011 1945 1050 1989 a
1073 1928 1228 1992 Titio
1252 1928 1558 2003 iugulatus
1599 1936 1723 2002 est,
1767 1927 1867 1990 cui
1898 1928 1958 1988 in
1984 1934 2215 1988 tantum
2310 1943 2316 1948 ·

251 2011 500 2076 duravit
526 2012 646 2074 hoc
673 2012 950 2075 facinore
978 2020 1355 2074 contractum
1385 2012 1625 2088 odium,
1662 2020 1731 2076 ut
1770 2027 1912 2073 mex
1942 2012 2169 2072 ludos
2152 2028 2214 2072 ιιι

252 2096 494 2160 theatro
538 2094 791 2173 Pompei
840 2096 1075 2159 faciens
1136 2097 1529 2158 execratione
1576 2097 1788 2174 populi
1840 2098 2216 2172 spectaculo,

258 2173 432 2258 quod
463 2180 827 2256 praebebat,
857 2182 1201 2256 pelleretur.

426 2262 656 2326 LXXX.
735 2263 1064 2325 Acciverat
1102 2279 1325 2340 gerens
1357 2271 1571 2326 contra
1595 2263 1948 2339 Pompeium
1989 2263 2213 2323 bellum
2235 2276 2295 2333 1⁴

256 2363 340 2410 ex
366 2347 578 2409 Africa
608 2347 835 2408 Caesar
861 2347 1160 2424 Lepidum
1196 2363 1337 2410 cum
1375 2348 1703 2410 duodecim
1744 2346 2099 2422 semiplenis
2128 2347 2212 2405 le-

256 2432 563 2508 gionibus.
634 2430 749 2492 Hic
776 2431 873 2492 vir
900 2431 1171 2492 omnium
1198 2430 1572 2494 vanissimus
1602 2446 1804 2507 neque
1844 2431 1968 2491 ulla
1998 2430 2215 2488 virtute
2235 2445 2273 2497 2

254 2525 382 2576 tam
400 2516 645 2591 longam
668 2517 952 2576 fortunae
972 2515 1408 2591 indulgentiam
1429 2515 1679 2576 meritus
1693 2511 2022 2574 exercitum
2036 2511 2212 2573 Pom-

263 2600 396 2696 pei,
427 2600 572 2674 quia
598 2599 855 2676 propior
880 2599 1108 2672 fuerat,
1140 2608 1501 2675 sequentem
1530 2615 1651 2660 non
1694 2597 1891 2674 ipsius
1923 2595 2036 2656 sed
2067 2594 2212 2655 Cae-
2258 2669 2265 2675 ,

262 2682 420 2744 saris
450 2685 863 2746 auctoritatem
889 2698 962 2744 ac
989 2683 1203 2756 fidem,
1233 2683 1350 2746 sibi
1386 2684 1667 2744 iunxerat
1691 2680 2063 2753 inflatusque
2089 2694 2215 2739 am-

262 2765 428 2841 plius
454 2765 663 2841 viginti
706 2767 1011 2843 legionum
1040 2782 1292 2832 numero
1333 2767 1394 2828 in
1431 2767 1496 2826 id
1537 2765 1763 2827 furoris
1803 2772 2216 2841 processerat,

261 2848 567 2911 utinutilis
593 2851 827 2912 alienae
851 2852 1146 2913 victoriae
1169 2866 1410 2926 comeS,
1442 2866 1623 2927 quam
1654 2849 1759 2910 diu
1788 2854 2059 2910 moratus
2089 2856 2223 2908 erat

215 2953 222 2962 ·
262 2931 627 2995 dissidendo
678 2934 739 2995 in
788 2934 1063 2997 consiliis
1092 2934 1373 2996 Caesaris
1426 2942 1488 2995 et
1528 2947 1776 3007 semper
1812 2930 2061 2993 diversa
2100 2930 2218 3006 hie,

262 3028 428 3092 ‘quae
451 3016 588 3094 aliis
630 3018 983 3093 placebant,
1028 3019 1322 3091 dicendo,
1362 3025 1552 3080 totam
1591 3015 1907 3077 victoriam
1947 3022 2014 3076 ut
2043 3031 2217 3075 suam

261 3099 776 3177 interpretabatur
799 3102 1187 3179 audebatque
1210 3100 1568 3163 denuntiare
1583 3101 1826 3162 Caesari
1844 3145 1860 3173 ,
1891 3099 2218 3161 excederet

264 3184 491 3248 Sicilia.
531 3185 666 3246 Non
682 3186 759 3245 ab
776 3184 1167 3262 Scipionibus
1196 3186 1458 3261 aliisque
1478 3184 1787 3246 veteribus
1800 3185 2213 3245 Romanorum
2237 3187 2276 3242 3

264 3270 490 3334 ducum
525 3268 857 3346 quicquam
898 3285 1117 3330 ausum
1146 3277 1567 3346 patratumque
1606 3267 1822 3332 fortius
1866 3282 2048 3343 quam
2074 3272 2217 3325 tunc

269 3370 307 3413 a
323 3354 616 3417 Caesare=
650 3354 884 3431 quippe
901 3369 1039 3416 cum
1053 3353 1298 3414 inermis
1316 3362 1377 3415 et
1389 3356 1735 3415 lacernatus
1754 3358 1951 3424 esset,
1975 3354 2221 3423 praeter

267 3439 486 3512 nomen
510 3439 658 3500 nihil
678 3438 928 3505 trahens
956 3438 1275 3514 ingressus
1296 3445 1499 3499 castra
1512 3435 1759 3514 Lepidi,
1788 3432 2025 3494 evitatis
2059 3444 2222 3506 quae
