2634 3909
406 183 494 267 '28
937 203 1017 263 Μ.
1063 183 1344 262 vnum}
1383 201 1810 263 PATERCULI

404 364 662 418 mortem
694 355 1180 431 conquireretur,
1215 353 1511 416 conclusit
1533 353 1602 415 se
1629 358 1764 418 loco
1788 371 1983 432 nuper
1998 359 2165 419 calce
2177 357 2356 421 hare-

406 455 611 517 naque
640 440 941 515 perpolito
987 439 1298 514 inlatoque
1342 439 1467 515 igni
1496 441 1598 515 qui
1639 439 1761 500 vim
1804 442 2013 502 odoris
2044 445 2353 516 excitaret,

407 523 855 585 simulexitiali
893 523 1115 583 hausto
1158 523 1376 598 spiritu
1390 521 1421 604 ,1
1451 524 1628 584 simul
1656 525 1891 586 incluso
1924 540 2068 600 suo,
2099 538 2353 589 mortem

347 621 384 674 4
404 599 598 684 inagis
627 615 773 669 voto
808 622 988 683 quam
1019 606 1262 667 arbitrio
1305 601 1681 669 inimicorum
1713 609 1877 669 obiit.
1940 609 2358 674 Omnia'erant

406 690 766 772 praecipitia
787 690 844 750 in
869 687 1212 765 republica,
1243 691 1581 752 nec'tamen
1604 692 1805 753 adhuc
1830 697 2154 770 quisquam
2185 697 2353 757 inve-

405 776 714 858 niebatur,
759 775 862 850 qui
900 775 1065 858 bona
1094 775 1244 835 ciVis
1272 775 1533 838 Romani
1567 781 1672 837 aut
1712 777 1941 837 donare
1969 778 2222 840 auderet
2250 789 2358 842 aut

405 867 617 936 petere
646 858 1001 927 sustineren
1031 865 1251 936 postea
1281 859 1342 918 id
1368 853 1935 936 quoque‘accessit,
1968 869 2035 922 ut
2064 864 2355 923 saevitiae

407 959 656 1004 causam
696 942 946 1002 avaritia
984 943 1304 1022 praeberet
1344 947 1403 1002 et
1440 944 1660 1003 modus
1692 946 1907 1020 culpae
1937 951 2030 1005 ex'
2057 947 2354 1021 pecuniae

396 1026 590 1089 modo
642 1027 1110 1091 constitueretur
1158 1035 1219 1087 et
1259 1024 1367 1101 qui
1397 1027 1615 1088 luisset
1654 1029 1961 1104 locuples,
2010 1029 2352 1113 fieretinde

404 1125 666 1184 nocenS,
709 1103 918 1185 ‘suique
961 1111 1224 1190 quisque
1266 1109 1521 1185 periculi
1561 1126 1796 1171 merces
1825 1113 2010 1189 foret,
2040 1129 2153 1180 nec
2185 1114 2338 1189 quic-

350 1267 357 1276 *
408 1192 928 1274 quam-videretur
956 1200 1134 1269 turpe
1167 1193 1334 1269 quod
1366 1201 1532 1254 esset
1562 1203 2022 1271 quaestuosum.
2141 1197 2148 1206 '

348 1297 375 1349 1
567 1277 775 1338 XXIII.
812 1278 819 1282 ’
866 1277 1217 1340 Secundum
1241 1278 1463 1338 deinde
1500 1281 1879 1342 consulatum
1912 1279 2125 1353 Cinna,
2159 1289 2217 1341 et
2256 1298 2350 1342 se-

403 1359 654 1438 ptimum
666 1361 894 1421 Marius
908 1362 969 1421 in
990 1359 1259 1436 priorum
1273 1361 1543 1422 dedecus
1561 1361 1717 1438 iniit,
1752 1363 2112 1424 cuius'initio
2136 1361 2348 1426 morbo

404 1457 744 1521 oppressus
777 1444 1073 1518 decessit,
1117 1444 1211 1504 vir
1237 1445 1297 1503 in
1333 1446 1491 1507 bello
1521 1446 1829 1522 hostibus,
1870 1448 1930 1506 in
1962 1449 2083 1508 otio
2116 1449 2347 1510 civibus

344 1545 379 1596 2
401 1530 832 1591 infestissimus
858 1528 1203 1604 quietisque
1232 1530 1309 1588 im
1314 1529 1814 1608 patientissimus,
1844 1532 1912 1592 In
1934 1530 2115 1592 huius
2146 1533 2349 1593 locum

298 1609 313 1626 ‘
402 1613 698 1674 suffectus
721 1611 1006 1673 Valerius
1034 1611 1323 1688 Flaccus,
1352 1614 1741 1689 turpissimae
1769 1613 1923 1691 legis
1953 1622 2194 1689 auctor,
2228 1632 2350 1691 qua

401 1695 801 1758 creditoribus
826 1697 1224 1772 quadrantem
1255 1697 1412 1758 solvi
1441 1695 1750 1768 iusserat3'
1768 1700 1941 1760 cuius
1973 1697 2110 1758 facti
2140 1702 2352 1759 merita

401 1797 538 1843 eum
569 1783 771 1856 poena
809 1781 966 1841 intra
1005 1781 1314 1841 biennium
1358 1789 1689 1841 consecuta
1730 1790 1842 1841 est.
1901 1780 2256 1842 Dominante
2285 1784 2347 1843 in
2409 1787 2418 1800 ¹

400 1866 568 1925 ltalia
600 1867 785 1925 Cinna
800 1855 1009 1924 '‘inaior
1036 1881 1181 1939 pars
1212 1865 1540 1924 nobilitatis
1586 1864 1664 1925 ad
1696 1864 1924 1926 Sullam
1959 1867 2023 1924 in
2053 1864 2349 1928 Achaiam

341 1945 472 2013 3‘a‘c
505 1949 725 2008 deinde
755 1955 899 2026 post
927 1950 984 2008 in
1022 1949 1230 2008 Asiam
1259 1948 1543 2022 perfugit.
1605 1950 1771 2008 Sulla
1809 1950 2054 2009 interim·
2074 1966 2211 2009 cum
2238 1947 2347 2009 Mi-

397 2029 674 2091 thridatis
716 2032 1043 2107 praefectis
1089 2033 1249 2091 circa
1274 2030 1547 2092 Athenas
1577 2033 2017 2108 Boeotiamque
2061 2041 2120 2093 et
2146 2033 2346 2093 Mace·

400 2115 645 2175 doniam
668 2115 767 2178 ‚ita
796 2115 1130 2190 dimicavit,
1172 2121 1239 2175 ut
1266 2122 1327 2175 et
1354 2114 1627 2176 Athenas
1669 2117 1972 2193 reciperet
1999 2125 2058 2177 et
2088 2117 2345 2191 plurimo
2441 2151 2452 2158 -

401 2198 563 2257 circa
593 2198 939 2274 multiplicis
967 2199 1161 2259 Piraei
1201 2204 1417 2273 portus
1448 2200 1822 2261 munitiones
1852 2201 2062 2276 labore
2103 2201 2347 2275 expleto

399 2283 658 2356 amplius
684 2283 944 2342 ducenta
967 2283 1127 2342 milia
1139 2282 1402 2343 hostium
1425 2284 1792 2345 interficeret
1815 2297 1929 2343 nec
1945 2277 2141 2344 minus
2166 2285 2347 2344 multa

340 2375 375 2427 4
401 2373 663 2440 caperet.
734 2365 799 2425 Si
852 2365 988 2441 quis
1036 2365 1155 2427 hoc
1203 2368 1539 2430 rebellandi
1588 2376 1858 2443 tenipuS,
1903 2371 2031 2443 'quo
2069 2368 2349 2427 Athenae

399 2458 786 2528 oppugnatae
809 2466 846 2509 a
869 2449 1039 2509 Sulla
1066 2457 1236 2524 sunt,
1267 2452 1521 2528 imputat
1532 2452 2007 2513 Atheniensibus
2023 2498 2037 2524 ,
2068 2451 2346 2511 nimimm

398 2535 524 2593 veri
551 2531 995 2609 vetustatisque
1022 2535 1272 2608 ignarus
1302 2542 1426 2606 est;⁴
1457 2537 1614 2597 adeo
1647 2538 1805 2595 enirn
1834 2542 1998 2596 certa
2019 2531 2342 2610 Athenien-

398 2617 554 2678 sium
582 2607 966 2682 inRomanos
998 2617 1154 2679 fides
1185 2618 1323 2692 fuit,
1349 2626 1415 2679 ut
1444 2635 1686 2695 semper
1710 2621 1857 2683 etin
1888 2609 2050 2680 omni
2077 2632 2146 2678 re
2176 2619 2344 2712 quic-⁴

330 2731 349 2748 α
398 2702 546 2777 quid
578 2702 818 2761 sincera
856 2701 979 2761 fide
1008 2708 1349 2778 gereretur,
1392 2703 1456 2763 id
1483 2704 1740 2763 Romani
1767 2705 1966 2764 Attica
2007 2702 2139 2764 fieri
2166 2699 2346 2777 praess

341 2806 373 2855 5
397 2785 697 2863 dicarent:
731 2794 993 2846 ceterum
1024 2793 1148 2846 tum
1170 2787 1459 2861 oppressi
1474 2786 1834 2847 Mithridatis
1856 2788 2039 2848 armis
2063 2787 2344 2847 homines

398 2867 768 2930 miserrimae
786 2867 1172 2946 condicionis
1203 2886 1339 2930 cum
1367 2872 1443 2931 ab
1471 2870 1728 2930 inimicis
1755 2863 2118 2946 tenerentur,
2148 2885 2342 2945 oppu-

396 2953 736 3025 gnabantur
749 2953 824 3018 ab
841 2954 1050 3013 amicis
1065 2960 1125 3013 et
1139 2953 1373 3013 animos
1388 2961 1560 3014 extra
1574 2955 1831 3030 moenia,
1859 2971 2120 3032 corpora
2134 2969 2342 3013 neces-

336 3049 372 3104 6
395 3037 555 3096 sitati
569 3036 906 3115 servientes
923 3033 1296 3098 intra‘muros
1311 3037 1633 3106 habebant.
1655 3040 2102 3120 Transgressus
2118 3037 2340 3099 deinde

396 3120 457 3180 in
471 3121 624 3180 Asia
639 3115 807 3183 Sulla
833 3128 1144 3196 parentem
1160 3120 1237 3180 ad
1255 3122 1476 3200 omnia,
1483 3138 1555 3180 su
1559 3139 1600 3197 p
1605 3122 1948 3198 plicemque
1958 3121 2343 3202 Mithridaten

396 3201 642 3276 invenit,
662 3217 843 3280 quein
857 3201 1167 3266 multatum
1184 3206 1445 3282 pecunia
1458 3212 1531 3266 ac
1545 3215 1716 3281 parte
1731 3208 1975 3267 navium
1987 3207 2140 3268 Asia
2152 3204 2341 3265 omni-

379 3288 636 3363 busque
664 3289 796 3362 aliis
828 3288 1178 3362 provinciis,
1207 3303 1362 3365 quas
1379 3288 1562 3349 armis
1592 3289 2016 3366 occupaverat,
2043 3290 2342 3366 decedere

399 3372 614 3448 coegit,
633 3372 907 3443 captivos
923 3371 1170 3447 recepit,
1196 3372 1259 3431 in
1273 3373 1564 3449 perfugas
1593 3376 1939 3449 noxiosque
1964 3374 2348 3435 animadver-·

394 3454 481 3530 tit,
511 3453 780 3531 paternis
798 3455 860 3514 id
877 3463 970 3515 est
980 3454 1245 3516 Ponticis
1258 3456 1485 3517 finibus
1503 3465 1847 3519 contentum
1862 3472 2004 3517 esse
2017 3457 2213 3517 iussit.
