<?xml version="1.0" encoding="UTF-8"?>
<!DOCTYPE html PUBLIC "-//W3C//DTD XHTML 1.0 Transitional//EN"
    "http://www.w3.org/TR/xhtml1/DTD/xhtml1-transitional.dtd">
<html xmlns="http://www.w3.org/1999/xhtml" xml:lang="en" lang="en">
 <head>
  <title>
</title>
<meta http-equiv="Content-Type" content="text/html;charset=utf-8" />
  <meta name='ocr-system' content='tesseract 3.04.00' />
  <meta name='ocr-capabilities' content='ocr_page ocr_carea ocr_par ocr_line ocrx_word'/>
</head>
<body>
  <div class='ocr_page' id='page_1' title='image "./mvelleipatercul01haasgoog/mvelleipatercul01haasgoog_0052.png"; bbox 0 0 2634 3909; ppageno 0'>
   <div class='ocr_carea' id='block_1_1' title="bbox 404 167 1812 234">
    <p class='ocr_par' dir='ltr' id='par_1_1' title="bbox 404 167 1985 234">
     <span class='ocr_line' id='line_1_1' title="bbox 404 167 1812 234; baseline -0.003 0"><span class='ocrx_word' id='word_1_1' title='bbox 404 167 490 234; x_wconf 77' lang='lat'>36</span> <span class='ocrx_word' id='word_1_2' title='bbox 944 170 1024 229; x_wconf 90' lang='grc' dir='ltr'>Μ.</span> <span class='ocrx_word' id='word_1_3' title='bbox 1062 168 1344 232; x_wconf 71' lang='lat' dir='ltr'><strong>VELLEI</strong></span> <span class='ocrx_word' id='word_1_4' title='bbox 1378 167 1812 230; x_wconf 77' lang='lat' dir='ltr'>PATERCULI</span> 
     </span>
    </p>
   </div>
   <div class='ocr_carea' id='block_1_2' title="bbox 330 317 2355 2063">
    <p class='ocr_par' dir='ltr' id='par_1_2' title="bbox 330 317 2355 2063">
     <span class='ocr_line' id='line_1_2' title="bbox 403 317 2352 414; baseline -0.001 -31"><span class='ocrx_word' id='word_1_5' title='bbox 403 318 770 397; x_wconf 82' lang='lat' dir='ltr'>triumphum</span> <span class='ocrx_word' id='word_1_6' title='bbox 789 335 940 381; x_wconf 75' lang='lat' dir='ltr'>cum</span> <span class='ocrx_word' id='word_1_7' title='bbox 957 318 1246 414; x_wconf 78' lang='lat' dir='ltr'>ipsorum</span> <span class='ocrx_word' id='word_1_8' title='bbox 1273 319 1602 393; x_wconf 84' lang='lat' dir='ltr'>singularis</span> <span class='ocrx_word' id='word_1_9' title='bbox 1633 318 1856 391; x_wconf 77' lang='lat' dir='ltr'>virtus,</span> <span class='ocrx_word' id='word_1_10' title='bbox 1903 317 2237 388; x_wconf 74' lang='lat' dir='ltr'>tumfetiam</span> <span class='ocrx_word' id='word_1_11' title='bbox 2259 320 2352 382; x_wconf 83' lang='grc' dir='ltr'>ιιι-</span> 
     </span>
     <span class='ocr_line' id='line_1_3' title="bbox 408 401 2341 498; baseline 0.001 -33"><span class='ocrx_word' id='word_1_12' title='bbox 408 406 571 465; x_wconf 85' lang='lat' dir='ltr'>vidia</span> <span class='ocrx_word' id='word_1_13' title='bbox 597 404 847 480; x_wconf 81' lang='lat' dir='ltr'>Pompei</span> <span class='ocrx_word' id='word_1_14' title='bbox 886 402 1052 479; x_wconf 85' lang='lat' dir='ltr'>apud</span> <span class='ocrx_word' id='word_1_15' title='bbox 1083 402 1375 477; x_wconf 75' lang='lat' dir='ltr'>optimum</span> <span class='ocrx_word' id='word_1_16' title='bbox 1404 417 1710 498; x_wconf 78' lang='lat' dir='ltr'><strong>quemque</strong></span> <span class='ocrx_word' id='word_1_17' title='bbox 1746 401 1909 466; x_wconf 71' lang='lat' dir='ltr'>tecit</span> <span class='ocrx_word' id='word_1_18' title='bbox 1933 402 2341 474; x_wconf 62' lang='lat' dir='ltr'>favorabilem</span> 
     </span>
     <span class='ocr_line' id='line_1_4' title="bbox 343 486 2355 562; baseline -0 -14"><span class='ocrx_word' id='word_1_19' title='bbox 343 493 382 550; x_wconf 76' lang='grc'>3</span> <span class='ocrx_word' id='word_1_20' title='bbox 403 488 519 548; x_wconf 85' lang='lat' dir='ltr'>Per</span> <span class='ocrx_word' id='word_1_21' title='bbox 556 489 711 548; x_wconf 85' lang='lat' dir='ltr'>haec</span> <span class='ocrx_word' id='word_1_22' title='bbox 749 496 1028 562; x_wconf 82' lang='lat' dir='ltr'>tempora</span> <span class='ocrx_word' id='word_1_23' title='bbox 1051 486 1133 546; x_wconf 88' lang='lat' dir='ltr'>M.</span> <span class='ocrx_word' id='word_1_24' title='bbox 1165 486 1407 558; x_wconf 79' lang='lat' dir='ltr'>Cicero,</span> <span class='ocrx_word' id='word_1_25' title='bbox 1452 486 1789 561; x_wconf 71' lang='lat' dir='ltr'>quiomnia</span> <span class='ocrx_word' id='word_1_26' title='bbox 1829 487 2199 554; x_wconf 75' lang='lat' dir='ltr'>incrementa</span> <span class='ocrx_word' id='word_1_27' title='bbox 2239 502 2355 547; x_wconf 88' lang='lat' dir='ltr'>sua</span> 
     </span>
     <span class='ocr_line' id='line_1_5' title="bbox 406 555 2353 645; baseline -0.002 -12"><span class='ocrx_word' id='word_1_28' title='bbox 406 555 526 634; x_wconf 79' lang='lat' dir='ltr'>sibi</span> <span class='ocrx_word' id='word_1_29' title='bbox 538 564 789 645; x_wconf 81' lang='lat' dir='ltr'>debuit,</span> <span class='ocrx_word' id='word_1_30' title='bbox 829 569 927 631; x_wconf 85' lang='lat' dir='ltr'>vir</span> <span class='ocrx_word' id='word_1_31' title='bbox 951 569 1233 630; x_wconf 81' lang='lat' dir='ltr'>novitatis</span> <span class='ocrx_word' id='word_1_32' title='bbox 1262 568 1688 632; x_wconf 77' lang='lat' dir='ltr'>nobilissimae</span> <span class='ocrx_word' id='word_1_33' title='bbox 1707 578 1769 630; x_wconf 90' lang='lat' dir='ltr'>et</span> <span class='ocrx_word' id='word_1_34' title='bbox 1795 576 1863 630; x_wconf 90' lang='grc' dir='ltr'>ιιι</span> <span class='ocrx_word' id='word_1_35' title='bbox 1891 569 2014 630; x_wconf 84' lang='lat' dir='ltr'>vita</span> <span class='ocrx_word' id='word_1_36' title='bbox 2040 572 2243 636; x_wconf 79' lang='lat' dir='ltr'>clarus</span> <span class='ocrx_word' id='word_1_37' title='bbox 2272 570 2353 630; x_wconf 87' lang='lat' dir='ltr'>ita</span> 
     </span>
     <span class='ocr_line' id='line_1_6' title="bbox 402 642 2350 731; baseline -0.002 -15"><span class='ocrx_word' id='word_1_38' title='bbox 402 654 651 731; x_wconf 84' lang='lat' dir='ltr'>ingenio</span> <span class='ocrx_word' id='word_1_39' title='bbox 679 654 999 725; x_wconf 82' lang='lat' dir='ltr'>maximuS‚</span> <span class='ocrx_word' id='word_1_40' title='bbox 1032 654 1136 729; x_wconf 86' lang='lat' dir='ltr'>qui</span> <span class='ocrx_word' id='word_1_41' title='bbox 1165 642 1387 726; x_wconf 84' lang='lat' dir='ltr'>effecit,</span> <span class='ocrx_word' id='word_1_42' title='bbox 1412 667 1491 713; x_wconf 86' lang='lat' dir='ltr'>ne</span> <span class='ocrx_word' id='word_1_43' title='bbox 1515 668 1774 727; x_wconf 85' lang='lat' dir='ltr'>quorum</span> <span class='ocrx_word' id='word_1_44' title='bbox 1799 668 1966 712; x_wconf 88' lang='lat' dir='ltr'>arma</span> <span class='ocrx_word' id='word_1_45' title='bbox 1991 653 2350 727; x_wconf 84' lang='lat' dir='ltr'>viceramuS,</span> 
     </span>
     <span class='ocr_line' id='line_1_7' title="bbox 405 735 2351 812; baseline -0.001 -12"><span class='ocrx_word' id='word_1_46' title='bbox 405 749 620 800; x_wconf 85' lang='lat' dir='ltr'>eorum</span> <span class='ocrx_word' id='word_1_47' title='bbox 646 738 890 812; x_wconf 81' lang='lat' dir='ltr'>ingenio</span> <span class='ocrx_word' id='word_1_48' title='bbox 918 737 1328 811; x_wconf 80' lang='lat' dir='ltr'>vinceremur,</span> <span class='ocrx_word' id='word_1_49' title='bbox 1363 737 1583 798; x_wconf 87' lang='lat' dir='ltr'>consul</span> <span class='ocrx_word' id='word_1_50' title='bbox 1610 735 1786 811; x_wconf 78' lang='lat' dir='ltr'>Sergi</span> <span class='ocrx_word' id='word_1_51' title='bbox 1817 735 2106 806; x_wconf 79' lang='lat' dir='ltr'>Catilinae</span> <span class='ocrx_word' id='word_1_52' title='bbox 2132 736 2351 798; x_wconf 84' lang='lat' dir='ltr'>Lentu-</span> 
     </span>
     <span class='ocr_line' id='line_1_8' title="bbox 403 818 2349 899; baseline -0.001 -19"><span class='ocrx_word' id='word_1_53' title='bbox 403 823 574 899; x_wconf 85' lang='lat' dir='ltr'>lique</span> <span class='ocrx_word' id='word_1_54' title='bbox 593 829 655 880; x_wconf 83' lang='lat' dir='ltr'>et</span> <span class='ocrx_word' id='word_1_55' title='bbox 675 820 922 896; x_wconf 83' lang='lat' dir='ltr'>Cethegi</span> <span class='ocrx_word' id='word_1_56' title='bbox 943 828 1005 880; x_wconf 83' lang='lat' dir='ltr'>et</span> <span class='ocrx_word' id='word_1_57' title='bbox 1026 820 1281 881; x_wconf 87' lang='lat' dir='ltr'>aliorum</span> <span class='ocrx_word' id='word_1_58' title='bbox 1307 820 1626 894; x_wconf 82' lang='lat' dir='ltr'>utriusque</span> <span class='ocrx_word' id='word_1_59' title='bbox 1647 818 1881 882; x_wconf 86' lang='lat' dir='ltr'>ordinis</span> <span class='ocrx_word' id='word_1_60' title='bbox 1908 819 2176 884; x_wconf 83' lang='lat' dir='ltr'>virorum</span> <span class='ocrx_word' id='word_1_61' title='bbox 2200 835 2349 884; x_wconf 87' lang='lat' dir='ltr'>con-</span> 
     </span>
     <span class='ocr_line' id='line_1_9' title="bbox 403 902 2348 984; baseline -0.002 -18"><span class='ocrx_word' id='word_1_62' title='bbox 403 903 768 984; x_wconf 83' lang='lat' dir='ltr'>iurationem</span> <span class='ocrx_word' id='word_1_63' title='bbox 805 904 1096 979; x_wconf 82' lang='lat' dir='ltr'>singulari</span> <span class='ocrx_word' id='word_1_64' title='bbox 1136 905 1355 964; x_wconf 85' lang='lat' dir='ltr'>virtute</span> <span class='ocrx_word' id='word_1_65' title='bbox 1368 945 1389 976; x_wconf 87' lang='lat'>,</span> <span class='ocrx_word' id='word_1_66' title='bbox 1433 903 1802 976; x_wconf 78' lang='lat' dir='ltr'>constantia,</span> <span class='ocrx_word' id='word_1_67' title='bbox 1846 902 2052 978; x_wconf 83' lang='lat' dir='ltr'>vigilia</span> <span class='ocrx_word' id='word_1_68' title='bbox 2079 918 2348 978; x_wconf 84' lang='lat' dir='ltr'>curaque</span> 
     </span>
     <span class='ocr_line' id='line_1_10' title="bbox 340 976 2348 1066; baseline -0.004 -13"><span class='ocrx_word' id='word_1_69' title='bbox 340 999 377 1054; x_wconf 82' lang='lat'>4</span> <span class='ocrx_word' id='word_1_70' title='bbox 403 976 660 1066; x_wconf 85' lang='lat' dir='ltr'>aperuit.</span> <span class='ocrx_word' id='word_1_71' title='bbox 711 988 960 1048; x_wconf 86' lang='lat' dir='ltr'>Catilina</span> <span class='ocrx_word' id='word_1_72' title='bbox 986 994 1152 1047; x_wconf 85' lang='lat' dir='ltr'>metu</span> <span class='ocrx_word' id='word_1_73' title='bbox 1177 986 1539 1047; x_wconf 86' lang='lat' dir='ltr'>consularis</span> <span class='ocrx_word' id='word_1_74' title='bbox 1534 986 1764 1061; x_wconf 80' lang='lat' dir='ltr'>imperi</span> <span class='ocrx_word' id='word_1_75' title='bbox 1790 987 1944 1050; x_wconf 86' lang='lat' dir='ltr'>urbe</span> <span class='ocrx_word' id='word_1_76' title='bbox 1972 989 2190 1061; x_wconf 87' lang='lat' dir='ltr'>pulsus</span> <span class='ocrx_word' id='word_1_77' title='bbox 2220 995 2348 1055; x_wconf 87' lang='lat' dir='ltr'>est;</span> 
     </span>
     <span class='ocr_line' id='line_1_11' title="bbox 402 1063 2347 1145; baseline -0.003 -11"><span class='ocrx_word' id='word_1_78' title='bbox 402 1073 698 1134; x_wconf 82' lang='lat' dir='ltr'>Lentulus</span> <span class='ocrx_word' id='word_1_79' title='bbox 723 1071 1064 1133; x_wconf 80' lang='lat' dir='ltr'>consularis</span> <span class='ocrx_word' id='word_1_80' title='bbox 1096 1078 1157 1131; x_wconf 92' lang='lat' dir='ltr'>et</span> <span class='ocrx_word' id='word_1_81' title='bbox 1183 1077 1428 1145; x_wconf 87' lang='lat' dir='ltr'>praetor</span> <span class='ocrx_word' id='word_1_82' title='bbox 1461 1071 1676 1130; x_wconf 87' lang='lat' dir='ltr'>iterum</span> <span class='ocrx_word' id='word_1_83' title='bbox 1706 1063 2134 1144; x_wconf 79' lang='lat' dir='ltr'>Cethegusque</span> <span class='ocrx_word' id='word_1_84' title='bbox 2162 1079 2222 1131; x_wconf 91' lang='lat' dir='ltr'>et</span> <span class='ocrx_word' id='word_1_85' title='bbox 2249 1070 2347 1131; x_wconf 83' lang='lat' dir='ltr'>alii</span> 
     </span>
     <span class='ocr_line' id='line_1_12' title="bbox 405 1153 2350 1228; baseline -0.001 -13"><span class='ocrx_word' id='word_1_86' title='bbox 405 1157 578 1215; x_wconf 83' lang='lat' dir='ltr'>clari</span> <span class='ocrx_word' id='word_1_87' title='bbox 589 1156 849 1215; x_wconf 87' lang='lat' dir='ltr'>nominis</span> <span class='ocrx_word' id='word_1_88' title='bbox 886 1154 1002 1215; x_wconf 87' lang='lat' dir='ltr'>viri</span> <span class='ocrx_word' id='word_1_89' title='bbox 1032 1161 1280 1215; x_wconf 83' lang='lat' dir='ltr'>auctore</span> <span class='ocrx_word' id='word_1_90' title='bbox 1310 1161 1554 1228; x_wconf 90' lang='lat' dir='ltr'>senatu,</span> <span class='ocrx_word' id='word_1_91' title='bbox 1596 1153 1770 1216; x_wconf 85' lang='lat' dir='ltr'>iussu</span> <span class='ocrx_word' id='word_1_92' title='bbox 1808 1153 2082 1215; x_wconf 86' lang='lat' dir='ltr'>consulis</span> <span class='ocrx_word' id='word_1_93' title='bbox 2125 1154 2188 1213; x_wconf 94' lang='lat' dir='ltr'>in</span> <span class='ocrx_word' id='word_1_94' title='bbox 2220 1170 2350 1213; x_wconf 84' lang='lat' dir='ltr'>car-</span> 
     </span>
     <span class='ocr_line' id='line_1_13' title="bbox 401 1240 978 1299; baseline -0.002 0.007"><span class='ocrx_word' id='word_1_95' title='bbox 401 1248 545 1299; x_wconf 78' lang='lat' dir='ltr'>‘cere</span> <span class='ocrx_word' id='word_1_96' title='bbox 574 1240 773 1299; x_wconf 82' lang='lat' dir='ltr'>necati</span> <span class='ocrx_word' id='word_1_97' title='bbox 801 1247 978 1299; x_wconf 84' lang='lat' dir='ltr'>sunt.</span> 
     </span>
     <span class='ocr_line' id='line_1_14' title="bbox 342 1285 2349 1395; baseline -0.003 -9"><span class='ocrx_word' id='word_1_98' title='bbox 342 1336 372 1386; x_wconf 92' lang='lat'>1</span> <span class='ocrx_word' id='word_1_99' title='bbox 556 1322 797 1384; x_wconf 88' lang='lat' dir='ltr'><strong>XXXV.</strong></span> <span class='ocrx_word' id='word_1_100' title='bbox 850 1322 957 1382; x_wconf 88' lang='lat' dir='ltr'>Ille</span> <span class='ocrx_word' id='word_1_101' title='bbox 986 1323 1236 1381; x_wconf 83' lang='lat' dir='ltr'>senatus</span> <span class='ocrx_word' id='word_1_102' title='bbox 1267 1321 1586 1395; x_wconf 85' lang='lat' dir='ltr'>dies,un</span> <span class='ocrx_word' id='word_1_103' title='bbox 1614 1319 1771 1384; x_wconf 83' lang='lat' dir='ltr'>haec</span> <span class='ocrx_word' id='word_1_104' title='bbox 1798 1285 1935 1382; x_wconf 80' lang='lat' dir='ltr'>acta</span> <span class='ocrx_word' id='word_1_105' title='bbox 1965 1328 2136 1393; x_wconf 79' lang='lat' dir='ltr'>sunt,</span> <span class='ocrx_word' id='word_1_106' title='bbox 2166 1295 2349 1394; x_wconf 32' lang='lat' dir='ltr'>virtu·-</span> 
     </span>
     <span class='ocr_line' id='line_1_15' title="bbox 337 1403 2349 1481; baseline 0.001 -17"><span class='ocrx_word' id='word_1_107' title='bbox 337 1438 360 1449; x_wconf 16' lang='grc' dir='ltr'>Δ·</span> <span class='ocrx_word' id='word_1_108' title='bbox 401 1412 524 1464; x_wconf 78' lang='lat' dir='ltr'>tem</span> <span class='ocrx_word' id='word_1_109' title='bbox 558 1405 639 1464; x_wconf 88' lang='lat' dir='ltr'>M.</span> <span class='ocrx_word' id='word_1_110' title='bbox 671 1405 978 1478; x_wconf 89' lang='lat' dir='ltr'>Catonis,</span> <span class='ocrx_word' id='word_1_111' title='bbox 998 1404 1117 1464; x_wconf 86' lang='lat' dir='ltr'>iam</span> <span class='ocrx_word' id='word_1_112' title='bbox 1155 1404 1357 1465; x_wconf 88' lang='lat' dir='ltr'>multis</span> <span class='ocrx_word' id='word_1_113' title='bbox 1398 1405 1459 1464; x_wconf 90' lang='lat' dir='ltr'>in</span> <span class='ocrx_word' id='word_1_114' title='bbox 1500 1403 1686 1465; x_wconf 88' lang='lat' dir='ltr'>rebus</span> <span class='ocrx_word' id='word_1_115' title='bbox 1724 1405 2123 1481; x_wconf 80' lang='lat' dir='ltr'>conspicuam</span> <span class='ocrx_word' id='word_1_116' title='bbox 2166 1413 2349 1480; x_wconf 79' lang='lat' dir='ltr'>atque</span> 
     </span>
     <span class='ocr_line' id='line_1_16' title="bbox 339 1487 2348 1565; baseline -0.004 -10"><span class='ocrx_word' id='word_1_117' title='bbox 339 1502 375 1555; x_wconf 81' lang='lat'>2</span> <span class='ocrx_word' id='word_1_118' title='bbox 401 1491 837 1565; x_wconf 82' lang='lat' dir='ltr'>praenitentem</span> <span class='ocrx_word' id='word_1_119' title='bbox 868 1488 929 1546; x_wconf 89' lang='grc' dir='ltr'>ιιι</span> <span class='ocrx_word' id='word_1_120' title='bbox 958 1488 1253 1549; x_wconf 89' lang='lat' dir='ltr'>altissimo</span> <span class='ocrx_word' id='word_1_121' title='bbox 1279 1490 1565 1561; x_wconf 81' lang='lat' dir='ltr'>culmine,</span> <span class='ocrx_word' id='word_1_122' title='bbox 1595 1487 1988 1550; x_wconf 84' lang='lat' dir='ltr'>inluminavit.</span> <span class='ocrx_word' id='word_1_123' title='bbox 2039 1488 2151 1552; x_wconf 90' lang='lat' dir='ltr'>Hic</span> <span class='ocrx_word' id='word_1_124' title='bbox 2181 1488 2348 1563; x_wconf 84' lang='lat' dir='ltr'>geni—</span> 
     </span>
     <span class='ocr_line' id='line_1_17' title="bbox 400 1571 2346 1650; baseline -0.001 -18"><span class='ocrx_word' id='word_1_125' title='bbox 400 1581 498 1632; x_wconf 89' lang='lat' dir='ltr'>tus</span> <span class='ocrx_word' id='word_1_126' title='bbox 520 1587 757 1650; x_wconf 85' lang='lat' dir='ltr'>proavo</span> <span class='ocrx_word' id='word_1_127' title='bbox 779 1572 860 1631; x_wconf 85' lang='lat' dir='ltr'>M.</span> <span class='ocrx_word' id='word_1_128' title='bbox 877 1571 1140 1645; x_wconf 70' lang='lat' dir='ltr'>Catone,</span> <span class='ocrx_word' id='word_1_129' title='bbox 1153 1571 1430 1646; x_wconf 84' lang='lat' dir='ltr'>principe</span> <span class='ocrx_word' id='word_1_130' title='bbox 1451 1572 1554 1631; x_wconf 90' lang='lat' dir='ltr'>illo</span> <span class='ocrx_word' id='word_1_131' title='bbox 1579 1572 1841 1634; x_wconf 80' lang='lat' dir='ltr'>familiae</span> <span class='ocrx_word' id='word_1_132' title='bbox 1860 1572 2134 1647; x_wconf 78' lang='lat' dir='ltr'>Porciae,</span> <span class='ocrx_word' id='word_1_133' title='bbox 2164 1571 2346 1634; x_wconf 88' lang='lat' dir='ltr'>homo</span> 
     </span>
     <span class='ocr_line' id='line_1_18' title="bbox 399 1655 2347 1731; baseline -0.002 -16"><span class='ocrx_word' id='word_1_134' title='bbox 399 1657 619 1718; x_wconf 85' lang='lat' dir='ltr'>Virtuti</span> <span class='ocrx_word' id='word_1_135' title='bbox 662 1656 997 1717; x_wconf 86' lang='lat' dir='ltr'>simillimus</span> <span class='ocrx_word' id='word_1_136' title='bbox 1042 1662 1102 1716; x_wconf 88' lang='lat' dir='ltr'>et</span> <span class='ocrx_word' id='word_1_137' title='bbox 1140 1671 1253 1730; x_wconf 91' lang='lat' dir='ltr'>per</span> <span class='ocrx_word' id='word_1_138' title='bbox 1281 1655 1486 1716; x_wconf 80' lang='lat' dir='ltr'>omnia</span> <span class='ocrx_word' id='word_1_139' title='bbox 1506 1655 1754 1731; x_wconf 73' lang='lat' dir='ltr'>,ingenio</span> <span class='ocrx_word' id='word_1_140' title='bbox 1785 1657 1902 1717; x_wconf 85' lang='lat' dir='ltr'>diis</span> <span class='ocrx_word' id='word_1_141' title='bbox 1930 1662 2116 1731; x_wconf 80' lang='lat' dir='ltr'>quam</span> <span class='ocrx_word' id='word_1_142' title='bbox 2155 1655 2347 1715; x_wconf 65' lang='lat' dir='ltr'>homi.-</span> 
     </span>
     <span class='ocr_line' id='line_1_19' title="bbox 330 1735 2347 1819; baseline -0.001 -19"><span class='ocrx_word' id='word_1_143' title='bbox 330 1741 340 1774; x_wconf 85' lang='lat'>·&#39;</span> <span class='ocrx_word' id='word_1_144' title='bbox 399 1741 579 1802; x_wconf 85' lang='lat' dir='ltr'>nibus</span> <span class='ocrx_word' id='word_1_145' title='bbox 609 1740 891 1819; x_wconf 89' lang='lat' dir='ltr'>propior,</span> <span class='ocrx_word' id='word_1_146' title='bbox 923 1738 1030 1815; x_wconf 91' lang='lat' dir='ltr'>qui</span> <span class='ocrx_word' id='word_1_147' title='bbox 1057 1756 1383 1814; x_wconf 78' lang='lat' dir='ltr'>nunquam</span> <span class='ocrx_word' id='word_1_148' title='bbox 1399 1746 1566 1799; x_wconf 87' lang='lat' dir='ltr'>recte</span> <span class='ocrx_word' id='word_1_149' title='bbox 1588 1740 1759 1814; x_wconf 79' lang='lat' dir='ltr'>fecit,</span> <span class='ocrx_word' id='word_1_150' title='bbox 1785 1747 1852 1802; x_wconf 87' lang='lat' dir='ltr'>ut</span> <span class='ocrx_word' id='word_1_151' title='bbox 1878 1741 2082 1802; x_wconf 83' lang='lat' dir='ltr'>facere</span> <span class='ocrx_word' id='word_1_152' title='bbox 2111 1735 2347 1798; x_wconf 82' lang='lat' dir='ltr'>videre-</span> 
     </span>
     <span class='ocr_line' id='line_1_20' title="bbox 397 1820 2345 1899; baseline -0.001 -15"><span class='ocrx_word' id='word_1_153' title='bbox 397 1831 526 1897; x_wconf 87' lang='lat' dir='ltr'>tur,</span> <span class='ocrx_word' id='word_1_154' title='bbox 562 1825 677 1884; x_wconf 92' lang='lat' dir='ltr'>sed</span> <span class='ocrx_word' id='word_1_155' title='bbox 706 1824 850 1899; x_wconf 85' lang='lat' dir='ltr'>quia</span> <span class='ocrx_word' id='word_1_156' title='bbox 877 1824 1050 1882; x_wconf 85' lang='lat' dir='ltr'>aliter</span> <span class='ocrx_word' id='word_1_157' title='bbox 1076 1825 1282 1882; x_wconf 86' lang='lat' dir='ltr'>facere</span> <span class='ocrx_word' id='word_1_158' title='bbox 1307 1839 1434 1884; x_wconf 87' lang='lat' dir='ltr'>non</span> <span class='ocrx_word' id='word_1_159' title='bbox 1461 1830 1777 1898; x_wconf 82' lang='lat' dir='ltr'>potuerat,</span> <span class='ocrx_word' id='word_1_160' title='bbox 1808 1822 2028 1898; x_wconf 84' lang='lat' dir='ltr'>cuique</span> <span class='ocrx_word' id='word_1_161' title='bbox 2056 1821 2122 1880; x_wconf 90' lang='lat' dir='ltr'>id</span> <span class='ocrx_word' id='word_1_162' title='bbox 2149 1820 2345 1882; x_wconf 90' lang='lat' dir='ltr'>solum</span> 
     </span>
     <span class='ocr_line' id='line_1_21' title="bbox 399 1903 2349 2000; baseline -0.001 -35"><span class='ocrx_word' id='word_1_163' title='bbox 399 1903 602 1967; x_wconf 81' lang='lat' dir='ltr'>visum</span> <span class='ocrx_word' id='word_1_164' title='bbox 623 1914 720 1966; x_wconf 87' lang='lat' dir='ltr'>est</span> <span class='ocrx_word' id='word_1_165' title='bbox 745 1906 1041 1966; x_wconf 87' lang='lat' dir='ltr'>rationem</span> <span class='ocrx_word' id='word_1_166' title='bbox 1050 1904 1324 2000; x_wconf 84' lang='lat' dir='ltr'>habere,</span> <span class='ocrx_word' id='word_1_167' title='bbox 1357 1905 1523 1980; x_wconf 87' lang='lat' dir='ltr'>quod</span> <span class='ocrx_word' id='word_1_168' title='bbox 1552 1906 1805 1969; x_wconf 79' lang='lat' dir='ltr'>haberet</span> <span class='ocrx_word' id='word_1_169' title='bbox 1833 1905 2123 1979; x_wconf 85' lang='lat' dir='ltr'>iustitiae,</span> <span class='ocrx_word' id='word_1_170' title='bbox 2156 1904 2349 1965; x_wconf 90' lang='lat' dir='ltr'>omni—</span> 
     </span>
     <span class='ocr_line' id='line_1_22' title="bbox 397 1987 2350 2063; baseline 0 -13"><span class='ocrx_word' id='word_1_171' title='bbox 397 1991 516 2050; x_wconf 89' lang='lat' dir='ltr'>bus</span> <span class='ocrx_word' id='word_1_172' title='bbox 543 1988 826 2049; x_wconf 83' lang='lat' dir='ltr'>humanis</span> <span class='ocrx_word' id='word_1_173' title='bbox 860 1988 1024 2049; x_wconf 84' lang='lat' dir='ltr'>vitiis</span> <span class='ocrx_word' id='word_1_174' title='bbox 1047 1988 1329 2049; x_wconf 88' lang='lat' dir='ltr'>immunis</span> <span class='ocrx_word' id='word_1_175' title='bbox 1363 2004 1609 2063; x_wconf 82' lang='lat' dir='ltr'>semper</span> <span class='ocrx_word' id='word_1_176' title='bbox 1634 1991 1949 2054; x_wconf 76' lang='lat' dir='ltr'>fortunam</span> <span class='ocrx_word' id='word_1_177' title='bbox 1981 1987 2043 2048; x_wconf 90' lang='lat' dir='ltr'>in</span> <span class='ocrx_word' id='word_1_178' title='bbox 2085 2004 2201 2048; x_wconf 84' lang='lat' dir='ltr'>sua</span> <span class='ocrx_word' id='word_1_179' title='bbox 2239 2004 2350 2063; x_wconf 75' lang='lat' dir='ltr'>po-</span> 
     </span>
    </p>
   </div>
   <div class='ocr_carea' id='block_1_3' title="bbox 2595 783 2604 1584">
    <p class='ocr_par' dir='ltr' id='par_1_3' title="bbox 2595 783 2604 1584">
     <span class='ocr_line' id='line_1_23' title="bbox 2595 783 2604 1584; baseline 0 0"><span class='ocrx_word' id='word_1_180' title='bbox 2595 783 2604 1584; x_wconf 95' lang='lat' dir='ltr'> </span> 
     </span>
    </p>
   </div>
   <div class='ocr_carea' id='block_1_4' title="bbox 334 2057 2479 2147">
    <p class='ocr_par' dir='ltr' id='par_1_4' title="bbox 334 2057 2479 2147">
     <span class='ocr_line' id='line_1_24' title="bbox 334 2057 2479 2147; baseline 0 -14"><span class='ocrx_word' id='word_1_181' title='bbox 334 2089 371 2144; x_wconf 79' lang='lat'><strong>3</strong></span> <span class='ocrx_word' id='word_1_182' title='bbox 398 2078 616 2134; x_wconf 81' lang='lat' dir='ltr'>testate</span> <span class='ocrx_word' id='word_1_183' title='bbox 657 2057 886 2132; x_wconf 73' lang='lat' dir='ltr'>habuit.</span> <span class='ocrx_word' id='word_1_184' title='bbox 946 2071 1058 2132; x_wconf 88' lang='lat' dir='ltr'>Hic</span> <span class='ocrx_word' id='word_1_185' title='bbox 1090 2070 1369 2133; x_wconf 87' lang='lat' dir='ltr'>tribunus</span> <span class='ocrx_word' id='word_1_186' title='bbox 1410 2072 1608 2146; x_wconf 83' lang='lat' dir='ltr'>plebis</span> <span class='ocrx_word' id='word_1_187' title='bbox 1644 2071 2031 2147; x_wconf 83' lang='lat' dir='ltr'>designatus</span> <span class='ocrx_word' id='word_1_188' title='bbox 2049 2079 2109 2132; x_wconf 85' lang='lat' dir='ltr'>et</span> <span class='ocrx_word' id='word_1_189' title='bbox 2147 2067 2348 2134; x_wconf 86' lang='lat' dir='ltr'>adhuc</span> <span class='ocrx_word' id='word_1_190' title='bbox 2460 2099 2479 2118; x_wconf 83' lang='lat'><strong>·</strong></span> 
     </span>
    </p>
   </div>
   <div class='ocr_carea' id='block_1_5' title="bbox 315 2143 2392 3487">
    <p class='ocr_par' dir='ltr' id='par_1_5' title="bbox 319 2143 2392 2986">
     <span class='ocr_line' id='line_1_25' title="bbox 319 2143 2346 2231; baseline 0.001 -15"><span class='ocrx_word' id='word_1_191' title='bbox 319 2168 327 2172; x_wconf 88' lang='grc'><strong><em>·</em></strong></span> <span class='ocrx_word' id='word_1_192' title='bbox 400 2151 728 2216; x_wconf 83' lang='lat' dir='ltr'>admodum</span> <span class='ocrx_word' id='word_1_193' title='bbox 760 2156 1159 2229; x_wconf 78' lang='lat' dir='ltr'>adulescenS,</span> <span class='ocrx_word' id='word_1_194' title='bbox 1208 2171 1345 2218; x_wconf 89' lang='lat' dir='ltr'>cum</span> <span class='ocrx_word' id='word_1_195' title='bbox 1376 2155 1479 2216; x_wconf 85' lang='lat' dir='ltr'>alii</span> <span class='ocrx_word' id='word_1_196' title='bbox 1498 2156 1862 2230; x_wconf 85' lang='lat' dir='ltr'>suaderent,</span> <span class='ocrx_word' id='word_1_197' title='bbox 1902 2165 1971 2220; x_wconf 86' lang='lat' dir='ltr'>ut</span> <span class='ocrx_word' id='word_1_198' title='bbox 2009 2143 2121 2231; x_wconf 78' lang='lat' dir='ltr'>per</span> <span class='ocrx_word' id='word_1_199' title='bbox 2154 2156 2346 2218; x_wconf 87' lang='lat' dir='ltr'>muni—</span> 
     </span>
     <span class='ocr_line' id='line_1_26' title="bbox 390 2239 2392 2335; baseline 0.001 -36.003"><span class='ocrx_word' id='word_1_200' title='bbox 390 2240 560 2315; x_wconf 83' lang='lat' dir='ltr'>cipia</span> <span class='ocrx_word' id='word_1_201' title='bbox 598 2239 888 2300; x_wconf 85' lang='lat' dir='ltr'>Lentulus</span> <span class='ocrx_word' id='word_1_202' title='bbox 942 2239 1363 2315; x_wconf 85' lang='lat' dir='ltr'>coniuratique</span> <span class='ocrx_word' id='word_1_203' title='bbox 1408 2240 1892 2315; x_wconf 86' lang='lat' dir='ltr'>custodirentur,</span> <span class='ocrx_word' id='word_1_204' title='bbox 1938 2255 2142 2335; x_wconf 77' lang='lat' dir='ltr'>paene</span> <span class='ocrx_word' id='word_1_205' title='bbox 2192 2239 2348 2300; x_wconf 86' lang='lat' dir='ltr'>inter</span> <span class='ocrx_word' id='word_1_206' title='bbox 2384 2248 2392 2254; x_wconf 85' lang='grc'><strong>’</strong></span> 
     </span>
     <span class='ocr_line' id='line_1_27' title="bbox 396 2322 2347 2419; baseline 0.001 -36"><span class='ocrx_word' id='word_1_207' title='bbox 396 2322 643 2384; x_wconf 81' lang='lat' dir='ltr'>ultimos</span> <span class='ocrx_word' id='word_1_208' title='bbox 684 2323 1089 2419; x_wconf 75' lang='lat' dir='ltr'>interrogatus</span> <span class='ocrx_word' id='word_1_209' title='bbox 1117 2324 1508 2397; x_wconf 85' lang='lat' dir='ltr'>sententiam,</span> <span class='ocrx_word' id='word_1_210' title='bbox 1550 2331 1717 2386; x_wconf 80' lang='lat' dir='ltr'>tanta</span> <span class='ocrx_word' id='word_1_211' title='bbox 1745 2324 1804 2383; x_wconf 90' lang='lat' dir='ltr'>vi</span> <span class='ocrx_word' id='word_1_212' title='bbox 1834 2324 2015 2386; x_wconf 88' lang='lat' dir='ltr'>animi</span> <span class='ocrx_word' id='word_1_213' title='bbox 2045 2331 2229 2419; x_wconf 85' lang='lat' dir='ltr'>atque</span> <span class='ocrx_word' id='word_1_214' title='bbox 2258 2324 2347 2384; x_wconf 93' lang='lat' dir='ltr'>in-</span> 
     </span>
     <span class='ocr_line' id='line_1_28' title="bbox 339 2405 2348 2504; baseline 0 -38"><span class='ocrx_word' id='word_1_215' title='bbox 339 2407 560 2504; x_wconf 77' lang='lat' dir='ltr'>geni</span> <span class='ocrx_word' id='word_1_216' title='bbox 582 2408 878 2467; x_wconf 87' lang='lat' dir='ltr'>invectus</span> <span class='ocrx_word' id='word_1_217' title='bbox 869 2414 980 2474; x_wconf 86' lang='lat' dir='ltr'>est</span> <span class='ocrx_word' id='word_1_218' title='bbox 1015 2408 1080 2466; x_wconf 91' lang='lat' dir='ltr'>in</span> <span class='ocrx_word' id='word_1_219' title='bbox 1121 2405 1634 2479; x_wconf 76' lang='lat' dir='ltr'>coniurationem,</span> <span class='ocrx_word' id='word_1_220' title='bbox 1682 2422 1757 2468; x_wconf 89' lang='lat' dir='ltr'>eo</span> <span class='ocrx_word' id='word_1_221' title='bbox 1803 2407 2024 2474; x_wconf 86' lang='lat' dir='ltr'>ardore</span> <span class='ocrx_word' id='word_1_222' title='bbox 2052 2408 2178 2467; x_wconf 90' lang='lat' dir='ltr'>oris</span> <span class='ocrx_word' id='word_1_223' title='bbox 2212 2422 2348 2466; x_wconf 88' lang='lat' dir='ltr'>ora-</span> 
     </span>
     <span class='ocr_line' id='line_1_29' title="bbox 394 2452 2348 2556; baseline 0.002 -6"><span class='ocrx_word' id='word_1_224' title='bbox 394 2488 625 2552; x_wconf 76' lang='lat' dir='ltr'>tionem</span> <span class='ocrx_word' id='word_1_225' title='bbox 676 2491 944 2552; x_wconf 81' lang='lat' dir='ltr'>omnium</span> <span class='ocrx_word' id='word_1_226' title='bbox 988 2490 1299 2554; x_wconf 85' lang='lat' dir='ltr'>lenitatem</span> <span class='ocrx_word' id='word_1_227' title='bbox 1346 2452 1733 2556; x_wconf 75' lang='lat' dir='ltr'>suadentium</span> <span class='ocrx_word' id='word_1_228' title='bbox 1768 2490 2072 2552; x_wconf 83' lang='lat' dir='ltr'>societate</span> <span class='ocrx_word' id='word_1_229' title='bbox 2128 2489 2348 2554; x_wconf 83' lang='lat' dir='ltr'>consili</span> 
     </span>
     <span class='ocr_line' id='line_1_30' title="bbox 387 2572 2347 2656; baseline 0 -20"><span class='ocrx_word' id='word_1_230' title='bbox 387 2584 749 2650; x_wconf 73' lang='lat' dir='ltr'>suspectam</span> <span class='ocrx_word' id='word_1_231' title='bbox 787 2575 958 2648; x_wconf 85' lang='lat' dir='ltr'>fecit,</span> <span class='ocrx_word' id='word_1_232' title='bbox 997 2574 1116 2636; x_wconf 87' lang='lat' dir='ltr'>sic</span> <span class='ocrx_word' id='word_1_233' title='bbox 1133 2574 1549 2649; x_wconf 84' lang='lat' dir='ltr'>impendentia</span> <span class='ocrx_word' id='word_1_234' title='bbox 1585 2588 1665 2634; x_wconf 84' lang='lat' dir='ltr'>ex</span> <span class='ocrx_word' id='word_1_235' title='bbox 1696 2572 1892 2634; x_wconf 90' lang='lat' dir='ltr'>ruinis</span> <span class='ocrx_word' id='word_1_236' title='bbox 1922 2573 2347 2656; x_wconf 83' lang='lat' dir='ltr'>incendiisque</span> 
     </span>
     <span class='ocr_line' id='line_1_31' title="bbox 389 2656 2347 2734; baseline -0.001 -17"><span class='ocrx_word' id='word_1_237' title='bbox 389 2658 563 2718; x_wconf 85' lang='lat' dir='ltr'>urbis</span> <span class='ocrx_word' id='word_1_238' title='bbox 587 2666 648 2719; x_wconf 89' lang='lat' dir='ltr'>et</span> <span class='ocrx_word' id='word_1_239' title='bbox 671 2659 1144 2720; x_wconf 81' lang='lat' dir='ltr'>commutatione</span> <span class='ocrx_word' id='word_1_240' title='bbox 1165 2664 1361 2718; x_wconf 85' lang='lat' dir='ltr'>status</span> <span class='ocrx_word' id='word_1_241' title='bbox 1384 2657 1610 2733; x_wconf 84' lang='lat' dir='ltr'>publici</span> <span class='ocrx_word' id='word_1_242' title='bbox 1639 2656 1911 2731; x_wconf 87' lang='lat' dir='ltr'>pericula</span> <span class='ocrx_word' id='word_1_243' title='bbox 1931 2657 2238 2734; x_wconf 88' lang='lat' dir='ltr'>exposuit,</span> <span class='ocrx_word' id='word_1_244' title='bbox 2263 2658 2347 2724; x_wconf 88' lang='lat' dir='ltr'>ita</span> 
     </span>
     <span class='ocr_line' id='line_1_32' title="bbox 396 2737 2345 2816; baseline 0.001 -16"><span class='ocrx_word' id='word_1_245' title='bbox 396 2742 666 2802; x_wconf 89' lang='lat' dir='ltr'>consulis</span> <span class='ocrx_word' id='word_1_246' title='bbox 707 2741 989 2803; x_wconf 87' lang='lat' dir='ltr'>virtutem</span> <span class='ocrx_word' id='word_1_247' title='bbox 1027 2742 1449 2816; x_wconf 82' lang='lat' dir='ltr'>amplificavit,</span> <span class='ocrx_word' id='word_1_248' title='bbox 1500 2747 1565 2802; x_wconf 89' lang='lat' dir='ltr'>ut</span> <span class='ocrx_word' id='word_1_249' title='bbox 1618 2737 1943 2801; x_wconf 89' lang='lat' dir='ltr'>universus</span> <span class='ocrx_word' id='word_1_250' title='bbox 1995 2748 2243 2804; x_wconf 87' lang='lat' dir='ltr'>senatus</span> <span class='ocrx_word' id='word_1_251' title='bbox 2285 2741 2345 2801; x_wconf 90' lang='lat' dir='ltr'>in</span> 
     </span>
     <span class='ocr_line' id='line_1_33' title="bbox 328 2821 2347 2901; baseline 0 -17"><span class='ocrx_word' id='word_1_252' title='bbox 328 2821 531 2884; x_wconf 68' lang='lat' dir='ltr'>&#39;eius</span> <span class='ocrx_word' id='word_1_253' title='bbox 585 2825 946 2885; x_wconf 84' lang='lat' dir='ltr'>sententiam</span> <span class='ocrx_word' id='word_1_254' title='bbox 994 2826 1279 2898; x_wconf 75' lang='lat' dir='ltr'>transiret</span> <span class='ocrx_word' id='word_1_255' title='bbox 1313 2823 2053 2901; x_wconf 85' lang='lat' dir='ltr'>animadvertendumque</span> <span class='ocrx_word' id='word_1_256' title='bbox 2102 2826 2164 2885; x_wconf 92' lang='lat' dir='ltr'>in</span> <span class='ocrx_word' id='word_1_257' title='bbox 2218 2841 2347 2897; x_wconf 67' lang='grc' dir='ltr'>θος,</span> 
     </span>
     <span class='ocr_line' id='line_1_34' title="bbox 387 2906 2342 2993; baseline 0 -26"><span class='ocrx_word' id='word_1_258' title='bbox 387 2923 557 2993; x_wconf 78' lang='lat' dir='ltr'>quos</span> <span class='ocrx_word' id='word_1_259' title='bbox 601 2909 1043 2983; x_wconf 79' lang='lat' dir='ltr'>praediximuS,</span> <span class='ocrx_word' id='word_1_260' title='bbox 1083 2916 1370 2970; x_wconf 86' lang='lat' dir='ltr'>censeret</span> <span class='ocrx_word' id='word_1_261' title='bbox 1400 2906 1724 2982; x_wconf 82' lang='lat' dir='ltr'>maiorque</span> <span class='ocrx_word' id='word_1_262' title='bbox 1762 2924 1910 2985; x_wconf 86' lang='lat' dir='ltr'>pars</span> <span class='ocrx_word' id='word_1_263' title='bbox 1954 2908 2184 2969; x_wconf 89' lang='lat' dir='ltr'>ordinis</span> <span class='ocrx_word' id='word_1_264' title='bbox 2210 2908 2342 2968; x_wconf 86' lang='lat' dir='ltr'>eius</span> 
     </span>
    </p>

    <p class='ocr_par' dir='ltr' id='par_1_6' title="bbox 327 2982 2335 3240">
     <span class='ocr_line' id='line_1_35' title="bbox 327 2982 2331 3067; baseline -0.001 -16"><span class='ocrx_word' id='word_1_265' title='bbox 327 2997 365 3051; x_wconf 74' lang='lat'>4</span> <span class='ocrx_word' id='word_1_266' title='bbox 381 2982 755 3050; x_wconf 75' lang='lat' dir='ltr'>Ciceronem</span> <span class='ocrx_word' id='word_1_267' title='bbox 788 2997 1309 3067; x_wconf 83' lang='lat' dir='ltr'>prosequerentur</span> <span class='ocrx_word' id='word_1_268' title='bbox 1343 2992 1618 3059; x_wconf 85' lang='lat' dir='ltr'>domum.</span> <span class='ocrx_word' id='word_1_269' title='bbox 1673 2991 1756 3054; x_wconf 84' lang='lat' dir='ltr'>At</span> <span class='ocrx_word' id='word_1_270' title='bbox 1784 2991 2041 3054; x_wconf 85' lang='lat' dir='ltr'>Catilina</span> <span class='ocrx_word' id='word_1_271' title='bbox 2079 3006 2203 3051; x_wconf 91' lang='lat' dir='ltr'>non</span> <span class='ocrx_word' id='word_1_272' title='bbox 2245 3006 2331 3050; x_wconf 91' lang='lat' dir='ltr'>se</span> 
     </span>
     <span class='ocr_line' id='line_1_36' title="bbox 391 3073 2338 3151; baseline -0.002 -16"><span class='ocrx_word' id='word_1_273' title='bbox 391 3073 585 3150; x_wconf 72' lang='lat' dir='ltr'>gaius</span> <span class='ocrx_word' id='word_1_274' title='bbox 595 3082 807 3136; x_wconf 78' lang='lat' dir='ltr'>conata</span> <span class='ocrx_word' id='word_1_275' title='bbox 831 3076 999 3148; x_wconf 84' lang='lat' dir='ltr'>obiit,</span> <span class='ocrx_word' id='word_1_276' title='bbox 1015 3092 1216 3151; x_wconf 86' lang='lat' dir='ltr'>quam</span> <span class='ocrx_word' id='word_1_277' title='bbox 1251 3074 1502 3135; x_wconf 90' lang='lat' dir='ltr'>sceleris</span> <span class='ocrx_word' id='word_1_278' title='bbox 1528 3074 1792 3135; x_wconf 88' lang='lat' dir='ltr'>conandi</span> <span class='ocrx_word' id='word_1_279' title='bbox 1815 3075 2071 3138; x_wconf 85' lang='lat' dir='ltr'>consilia</span> <span class='ocrx_word' id='word_1_280' title='bbox 2092 3074 2338 3137; x_wconf 82' lang='lat' dir='ltr'>inierat;</span> 
     </span>
     <span class='ocr_line' id='line_1_37' title="bbox 381 3156 2335 3240; baseline -0.001 -21.987"><span class='ocrx_word' id='word_1_281' title='bbox 381 3156 630 3234; x_wconf 88' lang='lat' dir='ltr'>quippe</span> <span class='ocrx_word' id='word_1_282' title='bbox 653 3157 986 3223; x_wconf 82' lang='lat' dir='ltr'>fortissime</span> <span class='ocrx_word' id='word_1_283' title='bbox 1015 3158 1310 3220; x_wconf 87' lang='lat' dir='ltr'>dimicans</span> <span class='ocrx_word' id='word_1_284' title='bbox 1328 3203 1344 3229; x_wconf 91' lang='lat'>,</span> <span class='ocrx_word' id='word_1_285' title='bbox 1376 3173 1560 3233; x_wconf 89' lang='lat' dir='ltr'>quem</span> <span class='ocrx_word' id='word_1_286' title='bbox 1589 3158 1870 3240; x_wconf 76' lang='lat' dir='ltr'>spiritum</span> <span class='ocrx_word' id='word_1_287' title='bbox 1897 3156 2199 3233; x_wconf 84' lang='lat' dir='ltr'>supplicio</span> <span class='ocrx_word' id='word_1_288' title='bbox 2231 3156 2335 3216; x_wconf 86' lang='lat' dir='ltr'>de-</span> 
     </span>
    </p>

    <p class='ocr_par' dir='ltr' id='par_1_7' title="bbox 315 3241 1208 3321">
     <span class='ocr_line' id='line_1_38' title="bbox 315 3241 1208 3321; baseline -0.004 -18"><span class='ocrx_word' id='word_1_289' title='bbox 315 3245 328 3293; x_wconf 74' lang='lat'>:¹</span> <span class='ocrx_word' id='word_1_290' title='bbox 381 3243 633 3314; x_wconf 79' lang='lat' dir='ltr'>-buerat,</span> <span class='ocrx_word' id='word_1_291' title='bbox 664 3245 893 3321; x_wconf 60' lang='lat' dir='ltr'>proelio</span> <span class='ocrx_word' id='word_1_292' title='bbox 921 3241 1208 3304; x_wconf 81' lang='lat' dir='ltr'>reddidit.</span> 
     </span>
    </p>

    <p class='ocr_par' dir='ltr' id='par_1_8' title="bbox 336 3323 2340 3487">
     <span class='ocr_line' id='line_1_39' title="bbox 336 3323 2340 3400; baseline -0.002 -13"><span class='ocrx_word' id='word_1_293' title='bbox 336 3333 371 3387; x_wconf 80' lang='grc' dir='ltr'>ι</span> <span class='ocrx_word' id='word_1_294' title='bbox 550 3324 817 3385; x_wconf 80' lang='lat' dir='ltr'><strong>XXXVI.</strong></span> <span class='ocrx_word' id='word_1_295' title='bbox 872 3324 1226 3400; x_wconf 83' lang='lat' dir='ltr'>consulatui</span> <span class='ocrx_word' id='word_1_296' title='bbox 1256 3324 1565 3386; x_wconf 86' lang='lat' dir='ltr'>Ciceronis</span> <span class='ocrx_word' id='word_1_297' title='bbox 1593 3342 1729 3395; x_wconf 62' lang='lat' dir='ltr'>‘non</span> <span class='ocrx_word' id='word_1_298' title='bbox 1770 3324 2077 3386; x_wconf 87' lang='lat' dir='ltr'>mediocre</span> <span class='ocrx_word' id='word_1_299' title='bbox 2117 3323 2340 3390; x_wconf 83' lang='lat' dir='ltr'>adiecit</span> 
     </span>
     <span class='ocr_line' id='line_1_40' title="bbox 381 3408 2333 3487; baseline 0.001 -18"><span class='ocrx_word' id='word_1_300' title='bbox 381 3409 582 3469; x_wconf 74' lang='lat' dir='ltr'>decus</span> <span class='ocrx_word' id='word_1_301' title='bbox 614 3416 792 3469; x_wconf 78' lang='lat' dir='ltr'>natus</span> <span class='ocrx_word' id='word_1_302' title='bbox 822 3424 897 3469; x_wconf 89' lang='lat' dir='ltr'>eo</span> <span class='ocrx_word' id='word_1_303' title='bbox 927 3424 1087 3487; x_wconf 80' lang='lat' dir='ltr'>anno</span> <span class='ocrx_word' id='word_1_304' title='bbox 1120 3408 1297 3470; x_wconf 89' lang='lat' dir='ltr'>divus</span> <span class='ocrx_word' id='word_1_305' title='bbox 1326 3408 1641 3483; x_wconf 81' lang='lat' dir='ltr'>Augustus</span> <span class='ocrx_word' id='word_1_306' title='bbox 1672 3408 1890 3474; x_wconf 86' lang='lat' dir='ltr'>abhinc</span> <span class='ocrx_word' id='word_1_307' title='bbox 1920 3419 2116 3470; x_wconf 89' lang='lat' dir='ltr'>annos</span> <span class='ocrx_word' id='word_1_308' title='bbox 2148 3424 2333 3470; x_wconf 85' lang='lat' dir='ltr'>nona-</span> 
     </span>
    </p>
   </div>
   <div class='ocr_carea' id='block_1_6' title="bbox 2597 2916 2602 3554">
    <p class='ocr_par' dir='ltr' id='par_1_9' title="bbox 2597 2916 2602 3554">
     <span class='ocr_line' id='line_1_41' title="bbox 2597 2916 2602 3554; baseline 0 0"><span class='ocrx_word' id='word_1_309' title='bbox 2597 2916 2602 3554; x_wconf 95' lang='lat' dir='ltr'> </span> 
     </span>
    </p>
   </div>
  </div>
 </body>
</html>
